Time,Amount,Price,Side,ID
1545696003562,0.0050,445518,0,27735929
1545696003591,0.0010,445424,0,27735930
1545696003619,0.0014,445379,0,27735931
1545696005635,0.0100,445544,0,27735932
1545696005846,0.0070,445683,1,27735933
1545696005897,0.0030,445693,1,27735934
1545696010627,0.0002,445536,1,27735935
1545696011601,0.0360,445542,1,27735936
1545696011752,0.0220,445542,1,27735937
1545696014636,0.0021,445541,1,27735938
1545696014687,0.0179,445542,1,27735939
1545696014920,0.0085,445541,1,27735940
1545696014972,0.1189,445542,1,27735941
1545696015029,0.0540,445543,1,27735942
1545696015084,0.0050,445683,1,27735943
1545696015145,0.0136,445733,1,27735944
1545696015364,0.0070,445531,1,27735945
1545696015415,0.0080,445532,1,27735946
1545696018642,0.0080,445548,0,27735947
1545696018899,0.0019,445454,0,27735948
1545696020571,0.0031,445455,0,27735949
1545696020597,0.0080,445454,0,27735950
1545696020627,0.0080,445454,0,27735951
1545696020654,0.0310,445444,0,27735952
1545696026642,0.0007,445568,1,27735953
1545696028574,0.0080,445688,1,27735954
1545696028604,0.0080,445723,1,27735955
1545696028630,0.0031,445732,1,27735956
1545696028656,0.0159,445733,1,27735957
1545696032589,0.0080,445488,0,27735958
1545696032613,0.2000,445478,0,27735959
1545696032639,0.0112,445453,0,27735960
1545696032664,0.0600,445453,0,27735961
1545696032776,0.1216,445453,1,27735962
1545696032800,0.0100,445723,1,27735963
1545696032824,0.1960,445733,1,27735964
1545696032847,0.0010,445733,1,27735965
1545696032871,0.0001,445812,1,27735966
1545696032896,0.0100,445813,1,27735967
1545696032919,0.0006,445858,1,27735968
1545696032943,0.0100,445900,1,27735969
1545696032967,0.0100,445900,1,27735970
1545696033001,0.0161,445936,1,27735971
1545696033689,0.0296,445999,1,27735972
1545696033746,0.0640,445999,1,27735973
1545696033802,0.0002,446000,1,27735974
1545696033859,0.1062,446000,1,27735975
1545696034595,0.0100,445936,0,27735976
1545696035622,0.0002,445935,0,27735977
1545696036631,0.0002,445935,0,27735978
1545696036838,0.0200,445935,0,27735979
1545696038792,0.0015,445937,0,27735980
1545696039623,0.0100,445945,0,27735981
1545696040617,0.0001,445968,1,27735982
1545696040643,0.1772,445999,1,27735983
1545696042648,0.0080,445989,1,27735984
1545696042713,0.0038,445999,1,27735985
1545696042740,0.0322,446000,1,27735986
1545696045619,0.0200,446000,1,27735987
1545696045754,1.8416,446000,1,27735988
1545696045779,0.0200,446000,1,27735989
1545696047642,0.0004,446003,0,27735990
1545696047787,0.1000,446043,1,27735991
1545696047899,0.0630,446043,1,27735992
1545696048683,0.0080,446043,1,27735993
1545696048911,0.0020,446043,1,27735994
1545696049708,0.0080,446043,1,27735995
1545696049903,0.0731,446043,1,27735996
1545696050597,0.0080,446043,1,27735997
1545696051649,0.0002,446010,0,27735998
1545696051870,0.0080,446043,1,27735999
1545696052606,0.0060,446011,0,27736000
1545696052716,0.0080,446043,1,27736001
1545696052842,0.0200,446043,1,27736002
1545696053688,0.0040,446011,0,27736003
1545696053743,0.0004,446010,0,27736004
1545696053976,0.0080,446043,1,27736005
1545696054177,0.0480,446043,1,27736006
1545696056688,0.0005,446026,1,27736007
1545696056741,0.0365,446043,1,27736008
1545696058662,0.0005,446026,0,27736009
1545696058713,0.0001,446020,0,27736010
1545696059597,0.0163,446043,1,27736011
1545696067609,0.0100,446043,0,27736012
1545696069656,0.0010,446128,1,27736013
1545696073653,0.0080,446045,0,27736014
1545696074660,0.0080,446055,0,27736015
1545696075633,0.0080,446045,0,27736016
1545696075780,0.0100,446045,0,27736017
1545696075908,0.2055,446045,0,27736018
1545696075932,0.0073,446043,0,27736019
1545696075958,0.0100,446023,0,27736020
1545696076605,0.0100,446010,0,27736021
1545696076629,0.0100,446010,0,27736022
1545696076751,0.0080,446004,0,27736023
1545696076874,0.0080,446015,1,27736024
1545696076993,0.0092,446015,1,27736025
1545696077608,0.0080,446015,0,27736026
1545696077731,0.0100,446015,0,27736027
1545696078690,0.0080,446019,0,27736028
1545696080685,0.0080,446025,0,27736029
1545696080736,0.0080,446019,0,27736030
1545696080790,0.0100,446019,0,27736031
1545696080840,0.0170,446016,0,27736032
1545696082726,0.0008,446110,1,27736033
1545696083743,0.0100,446017,0,27736034
1545696083968,0.1289,446017,0,27736035
1545696084027,0.0530,446016,0,27736036
1545696084085,0.0181,446015,0,27736037
1545696084312,0.0920,446016,0,27736038
1545696084366,0.2173,446015,0,27736039
1545696084416,0.0100,446006,0,27736040
1545696084468,0.3138,446000,0,27736041
1545696084523,0.0100,446000,0,27736042
1545696084588,0.1186,446000,0,27736043
1545696084642,0.0920,445980,0,27736044
1545696085065,0.0100,445970,1,27736045
1545696086675,0.0001,445968,0,27736046
1545696086734,0.0100,445968,0,27736047
1545696086978,0.0069,445960,1,27736048
1545696087030,0.0141,445970,1,27736049
1545696087606,0.0080,445968,0,27736050
1545696087743,0.0210,445970,1,27736051
1545696090598,0.0020,445968,0,27736052
1545696090623,0.0010,445968,0,27736053
1545696090648,0.0050,445787,0,27736054
1545696092696,0.0080,445968,0,27736055
1545696097627,0.0006,445988,1,27736056
1545696100488,0.0034,446008,1,27736057
1545696110525,0.0002,445988,1,27736058
1545696110552,0.0100,446009,1,27736059
1545696119680,0.0031,445993,0,27736060
1545696119705,0.0100,445993,0,27736061
1545696119731,0.0080,445992,0,27736062
1545696119755,0.0071,445992,0,27736063
1545696122487,0.0009,445992,0,27736064
1545696123534,0.0007,445990,1,27736065
1545696126655,0.0002,445988,0,27736066
1545696126706,0.0098,445988,0,27736067
1545696128506,0.0072,445990,1,27736068
1545696129561,0.0002,445988,0,27736069
1545696129707,0.0020,445968,0,27736070
1545696129733,0.0058,445968,0,27736071
1545696129837,0.0012,445990,1,27736072
1545696129861,0.0031,445991,1,27736073
1545696129887,0.0007,446098,1,27736074
1545696129912,0.0062,446204,1,27736075
1545696132556,0.0002,446060,0,27736076
1545696132580,0.0078,445978,0,27736077
1545696137601,0.0009,446086,1,27736078
1545696142563,0.0112,446194,1,27736079
1545696142622,0.0038,446204,1,27736080
1545696142677,0.0100,446204,1,27736081
1545696142729,0.0010,446214,1,27736082
1545696142780,0.0070,446239,1,27736083
1545696142832,0.0040,446248,1,27736084
1545696146560,0.0031,445977,0,27736085
1545696146614,0.0080,445976,0,27736086
1545696146668,0.0100,445974,0,27736087
1545696146721,0.0080,445972,0,27736088
1545696146774,0.0042,445968,0,27736089
1545696146825,0.0100,445968,0,27736090
1545696146875,0.0010,445889,0,27736091
1545696146925,0.0080,445880,0,27736092
1545696146976,0.0080,445880,0,27736093
1545696148531,0.0080,445762,0,27736094
1545696148585,0.0020,445752,0,27736095
1545696148822,0.0100,445800,1,27736096
1545696149031,0.0297,445800,1,27736097
1545696151552,0.0004,445846,0,27736098
1545696151604,0.0282,445830,0,27736099
1545696151840,0.0006,445985,1,27736100
1545696152550,0.0100,445859,0,27736101
1545696154552,0.0900,445859,0,27736102
1545696154603,0.0100,445846,0,27736103
1545696155553,0.0100,445800,0,27736104
1545696155809,0.0674,445810,1,27736105
1545696158721,0.0080,445801,0,27736106
1545696159965,0.0020,445801,0,27736107
1545696159993,0.0060,445801,0,27736108
1545696160161,0.0040,445801,0,27736109
1545696160185,0.0060,445800,0,27736110
1545696160301,0.0126,445800,0,27736111
1545696160329,0.0156,445800,0,27736112
1545696162925,0.0200,445800,0,27736113
1545696163908,0.0100,445800,0,27736114
1545696165968,0.0060,445800,0,27736115
1545696166220,0.0003,445804,1,27736116
1545696167954,0.0100,445800,0,27736117
1545696170123,0.0112,445805,0,27736118
1545696170187,0.0064,445800,0,27736119
1545696171935,0.0100,445800,0,27736120
1545696172113,0.0868,445800,0,27736121
1545696173909,0.0260,445800,0,27736122
1545696174066,0.0004,445808,1,27736123
1545696174096,0.0031,445809,1,27736124
1545696174124,0.0100,445809,1,27736125
1545696174149,0.0100,445810,1,27736126
1545696175953,0.0100,445800,0,27736127
1545696177962,0.0016,445800,0,27736128
1545696177987,0.0600,445615,0,27736129
1545696178027,0.0010,445579,0,27736130
1545696178055,0.0010,445492,0,27736131
1545696178081,0.0600,445461,0,27736132
1545696178106,0.0050,445444,0,27736133
1545696178207,0.0100,445440,1,27736134
1545696178966,0.0010,445389,0,27736135
1545696179202,0.0100,445389,0,27736136
1545696179406,0.0090,445389,0,27736137
1545696179457,0.0100,445367,0,27736138
1545696179510,0.0010,445366,0,27736139
1545696179714,0.3902,445366,0,27736140
1545696179764,0.0100,445354,0,27736141
1545696179821,0.0100,445329,0,27736142
1545696179875,0.0457,445329,0,27736143
1545696180284,0.0583,445309,1,27736144
1545696180467,0.0100,445309,1,27736145
1545696181062,0.0160,445309,1,27736146
1545696181112,0.0766,445443,1,27736147
1545696181971,0.0080,445309,0,27736148
1545696182229,0.1442,445443,1,27736149
1545696182280,0.0300,445526,1,27736150
1545696182332,0.0501,445554,1,27736151
1545696186913,0.0080,445313,0,27736152
1545696186938,0.0080,445313,0,27736153
1545696186962,0.0422,445310,0,27736154
1545696187925,0.0007,445426,1,27736155
1545696189997,0.0100,445533,1,27736156
1545696190914,0.0080,445488,1,27736157
1545696190938,0.1923,445533,1,27736158
1545696193007,0.0080,445443,1,27736159
1545696193059,0.0230,445532,1,27736160
1545696193981,0.0100,445532,1,27736161
1545696195033,0.0200,445532,1,27736162
1545696201972,0.0004,445438,1,27736163
1545696202991,0.0067,445533,1,27736164
1545696203186,0.0070,445533,1,27736165
1545696203237,0.0100,445533,1,27736166
1545696203287,0.0238,445553,1,27736167
1545696203338,0.0473,445554,1,27736168
1545696203536,0.0090,445554,1,27736169
1545696203740,0.0100,445554,1,27736170
1545696205023,0.0996,445554,1,27736171
1545696205081,0.0228,445554,1,27736172
1545696206979,0.0190,445555,0,27736173
1545696208060,0.0100,445555,1,27736174
1545696213963,0.0010,445383,0,27736175
1545696214002,0.0080,445320,0,27736176
1545696214028,0.0010,445320,0,27736177
1545696216082,0.0009,445431,1,27736178
1545696227028,0.0031,445331,0,27736179
1545696227080,0.0080,445330,0,27736180
1545696227130,0.0080,445325,0,27736181
1545696229017,0.0070,445319,0,27736182
1545696229081,0.0503,445309,0,27736183
1545696229132,0.0050,445309,0,27736184
1545696229188,0.0100,445309,0,27736185
1545696229243,0.1080,445305,0,27736186
1545696229961,0.0061,445305,1,27736187
1545696230992,0.0080,445306,0,27736188
1545696231206,0.0001,445306,0,27736189
1545696231418,0.0061,445306,0,27736190
1545696232010,0.0327,445306,0,27736191
1545696232048,0.0001,445303,0,27736192
1545696232081,0.0032,445302,0,27736193
1545696232955,0.0468,445302,0,27736194
1545696232994,0.0010,445215,0,27736195
1545696233030,0.0332,445165,0,27736196
1545696233166,0.0595,445165,0,27736197
1545696233207,0.0100,445161,0,27736198
1545696233238,0.0100,445144,0,27736199
1545696233267,0.0099,445077,0,27736200
1545696233296,0.1620,445034,0,27736201
1545696233319,0.0100,445000,0,27736202
1545696233345,0.0002,445000,0,27736203
1545696233388,0.0010,444990,0,27736204
1545696233452,0.0500,444934,0,27736205
1545696233976,0.0080,445175,0,27736206
1545696234029,0.0020,444928,0,27736207
1545696234247,0.0200,445149,0,27736208
1545696234939,0.0200,445149,0,27736209
1545696236962,0.0100,445281,1,27736210
1545696237993,0.0080,445284,0,27736211
1545696239019,0.0010,444992,0,27736212
1545696239046,0.0070,444929,0,27736213
1545696245023,0.0006,445121,1,27736214
1545696245073,0.0080,445242,1,27736215
1545696245123,0.0031,445251,1,27736216
1545696245173,0.0313,445252,1,27736217
1545696248947,0.0100,445252,1,27736218
1545696249077,0.0099,445251,1,27736219
1545696249107,0.0431,445252,1,27736220
1545696250947,0.0200,445284,1,27736221
1545696251073,0.0091,445284,1,27736222
1545696251099,0.0100,445284,1,27736223
1545696251124,0.0050,445290,1,27736224
1545696251149,0.0080,445325,1,27736225
1545696251173,0.0010,445409,1,27736226
1545696251197,0.0059,445455,1,27736227
1545696259938,0.0009,445505,1,27736228
1545696259968,0.0251,445555,1,27736229
1545696260997,0.0009,445505,0,27736230
1545696261035,0.0181,445455,0,27736231
1545696261165,0.0156,445455,0,27736232
1545696261189,0.0050,445455,0,27736233
1545696264059,0.0079,445331,0,27736234
1545696264086,0.0100,445300,0,27736235
1545696264113,0.0021,445300,0,27736236
1545696264214,0.0079,445300,0,27736237
1545696264237,0.0010,445205,0,27736238
1545696264262,0.0010,445143,0,27736239
1545696264285,0.0006,445121,0,27736240
1545696264309,0.0080,445060,0,27736241
1545696264333,0.0080,445055,0,27736242
1545696264358,0.0085,445050,0,27736243
1545696273932,0.0080,445086,0,27736244
1545696273961,0.0020,445081,0,27736245
1545696274100,0.0003,445227,1,27736246
1545696280720,0.0080,445325,1,27736247
1545696280766,0.0020,445370,1,27736248
1545696288782,0.0007,445241,1,27736249
1545696293819,0.0016,445373,1,27736250
1545696294008,0.0006,445373,1,27736251
1545696294701,0.0078,445373,1,27736252
1545696294730,0.0060,445451,1,27736253
1545696294757,0.0061,445461,1,27736254
1545696302799,0.0080,445451,1,27736255
1545696302852,0.0600,445461,1,27736256
1545696303815,0.0002,445303,1,27736257
1545696308777,0.0002,445303,0,27736258
1545696308833,0.0010,445176,0,27736259
1545696308885,0.0031,445165,0,27736260
1545696308937,0.0050,445164,0,27736261
1545696308989,0.0100,445154,0,27736262
1545696309041,0.0070,445138,0,27736263
1545696309092,0.0050,445054,0,27736264
1545696309145,0.0021,444992,0,27736265
1545696309848,0.0010,444992,0,27736266
1545696312765,0.0100,445184,0,27736267
1545696318783,0.0008,445343,1,27736268
1545696321879,0.0100,445199,0,27736269
1545696322082,0.0260,445199,0,27736270
1545696333715,0.0006,445271,1,27736271
1545696347641,0.0007,445256,1,27736272
1545696360705,0.0007,445256,1,27736273
1545696361636,0.0112,445303,1,27736274
1545696361666,0.0088,445313,1,27736275
1545696366676,0.0080,445209,0,27736276
1545696366729,0.0020,445200,0,27736277
1545696366962,0.0012,445313,1,27736278
1545696368634,0.0080,445326,0,27736279
1545696368659,0.0020,445326,0,27736280
1545696369845,0.0007,445326,0,27736281
1545696371699,0.0024,445200,0,27736282
1545696374702,0.0100,445200,0,27736283
1545696374921,0.0040,445200,0,27736284
1545696376758,0.0040,445199,0,27736285
1545696377635,0.0100,445199,0,27736286
1545696378695,0.0991,445199,0,27736287
1545696378746,0.0330,445198,0,27736288
1545696378797,0.0050,445194,0,27736289
1545696378849,0.0335,445067,0,27736290
1545696378900,0.0010,445048,0,27736291
1545696378950,0.0069,444992,0,27736292
1545696379000,0.0050,444992,0,27736293
1545696379050,0.0165,444827,0,27736294
1545696379276,0.0060,445200,1,27736295
1545696381708,0.0100,445343,1,27736296
1545696381760,0.0031,445456,1,27736297
1545696381812,0.0129,445467,1,27736298
1545696382656,0.0225,445403,1,27736299
1545696384822,0.0080,445217,0,27736300
1545696384875,0.0020,445213,0,27736301
1545696385100,0.0060,445213,0,27736302
1545696385642,0.0112,445403,1,27736303
1545696386625,0.0080,445217,0,27736304
1545696386766,0.0109,445213,1,27736305
1545696386794,0.0390,445384,1,27736306
1545696388632,0.0050,445213,1,27736307
1545696389690,0.0007,445213,0,27736308
1545696391682,0.0100,445213,0,27736309
1545696399978,0.0100,445213,0,27736310
1545696403811,0.0034,445213,0,27736311
1545696403876,0.0337,445213,0,27736312
1545696403937,0.0050,445213,0,27736313
1545696403988,0.0050,445213,0,27736314
1545696404041,0.0007,445206,0,27736315
1545696404092,0.0523,445200,0,27736316
1545696404142,0.0100,445200,0,27736317
1545696404193,0.0200,445000,0,27736318
1545696404243,0.0400,444952,0,27736319
1545696404296,0.0010,444901,0,27736320
1545696404346,0.0289,444841,0,27736321
1545696404556,0.0006,445248,1,27736322
1545696410851,0.0080,445284,1,27736323
1545696410902,0.0220,445284,1,27736324
1545696422748,0.0009,445074,1,27736325
1545696429950,0.0112,444906,0,27736326
1545696430000,0.0031,444902,0,27736327
1545696430051,0.0080,444901,0,27736328
1545696430102,0.0023,444901,0,27736329
1545696430314,0.0110,445238,1,27736330
1545696430364,0.1700,445248,1,27736331
1545696432772,0.0200,445057,1,27736332
1545696435766,0.0008,444975,1,27736333
1545696435791,0.0080,445012,1,27736334
1545696435818,0.0031,445056,1,27736335
1545696435844,0.0081,445057,1,27736336
1545696436810,0.0008,444975,0,27736337
1545696436870,0.0310,444935,0,27736338
1545696436923,0.0287,444901,0,27736339
1545696437755,0.0080,444949,0,27736340
1545696438814,0.0050,444842,0,27736341
1545696438879,0.0022,444822,0,27736342
1545696439094,0.0080,444832,0,27736343
1545696439143,0.0449,444822,0,27736344
1545696439352,0.0080,444929,1,27736345
1545696439409,0.0590,444939,1,27736346
1545696440177,0.0180,444938,1,27736347
1545696444824,0.0005,444928,1,27736348
1545696448752,0.0107,444928,1,27736349
1545696448779,0.0093,444929,1,27736350
1545696451753,0.0004,444875,1,27736351
1545696465050,0.0001,444879,1,27736352
1545696476551,0.0066,444937,1,27736353
1545696476601,0.0024,444937,1,27736354
1545696477583,0.0050,444822,0,27736355
1545696477632,0.0170,444750,0,27736356
1545696477682,0.0190,444742,0,27736357
1545696480564,0.0310,444742,0,27736358
1545696480615,0.0010,444653,0,27736359
1545696480665,0.0080,444643,0,27736360
1545696480717,0.0100,444636,0,27736361
1545696480768,0.0098,444633,0,27736362
1545696480820,0.0335,444588,0,27736363
1545696480872,0.0100,444583,0,27736364
1545696480923,0.0100,444583,0,27736365
1545696480977,0.0100,444575,0,27736366
1545696481041,0.0246,444575,0,27736367
1545696481102,0.0236,444573,0,27736368
1545696482531,0.0080,444746,0,27736369
1545696482584,0.0120,444573,0,27736370
1545696483457,0.0024,444573,0,27736371
1545696484544,0.0100,444636,1,27736372
1545696486504,0.0067,444573,0,27736373
1545696486563,0.0033,444573,0,27736374
1545696488515,0.0017,444573,0,27736375
1545696488566,0.0929,444526,0,27736376
1545696488616,0.0180,444490,0,27736377
1545696488667,0.0080,444489,0,27736378
1545696488718,0.0100,444488,0,27736379
1545696488767,0.2500,444487,0,27736380
1545696488818,0.0140,444487,0,27736381
1545696488875,0.1054,444486,0,27736382
1545696489090,0.0070,444626,1,27736383
1545696489140,0.0031,444626,1,27736384
1545696489347,0.0049,444626,1,27736385
1545696489397,0.0449,444636,1,27736386
1545696490504,0.0080,444496,0,27736387
1545696490558,0.0020,444488,0,27736388
1545696491577,0.0006,444562,1,27736389
1545696491642,0.0095,444636,1,27736390
1545696492537,0.0006,444562,0,27736391
1545696493461,0.0094,444562,1,27736392
1545696493489,0.0131,444635,1,27736393
1545696494468,0.0080,444498,0,27736394
1545696494495,0.0020,444496,0,27736395
1545696494614,0.0030,444496,0,27736396
1545696494639,0.0585,444488,0,27736397
1545696494663,0.0200,444487,0,27736398
1545696494688,0.4185,444486,0,27736399
1545696494808,0.0225,444635,1,27736400
1545696497516,0.0080,444519,0,27736401
1545696497568,0.0020,444509,0,27736402
1545696497820,0.0016,444625,1,27736403
1545696498520,0.0100,444487,0,27736404
1545696498574,0.4660,444486,0,27736405
1545696498627,0.0002,444440,0,27736406
1545696499645,0.0050,444439,1,27736407
1545696501572,0.0100,444439,1,27736408
1545696502463,0.0100,444370,0,27736409
1545696502605,0.0052,444370,0,27736410
1545696502727,0.2468,444370,0,27736411
1545696502756,0.0100,444370,0,27736412
1545696504457,0.0050,444370,0,27736413
1545696504648,0.0002,444300,1,27736414
1545696504688,0.0016,444439,1,27736415
1545696504727,0.0083,444439,1,27736416
1545696505456,0.0031,444235,0,27736417
1545696505482,0.0061,444234,0,27736418
1545696505518,0.0060,444234,0,27736419
1545696505551,0.0200,444109,0,27736420
1545696505708,0.0010,444058,0,27736421
1545696505746,0.0336,444048,0,27736422
1545696505874,0.0017,444439,1,27736423
1545696505897,0.0084,444439,1,27736424
1545696507464,0.0002,444255,0,27736425
1545696516452,0.0080,444255,0,27736426
1545696517556,0.0050,444255,0,27736427
1545696517610,0.0100,444255,0,27736428
1545696517676,0.0002,444243,0,27736429
1545696517736,0.0012,444014,0,27736430
1545696517787,0.0002,444000,0,27736431
1545696517838,0.0100,443964,0,27736432
1545696517888,0.1126,443947,0,27736433
1545696517937,0.0010,443943,0,27736434
1545696518004,0.0050,443895,0,27736435
1545696518056,0.0050,443895,0,27736436
1545696518107,0.0200,443846,0,27736437
1545696518159,0.0061,443827,0,27736438
1545696518209,0.0237,443821,0,27736439
1545696523793,0.0003,444189,1,27736440
1545696529728,0.0112,443958,0,27736441
1545696529754,0.0080,443953,0,27736442
1545696529797,0.0068,443949,0,27736443
1545696529951,0.0124,444189,1,27736444
1545696531717,0.0032,443949,0,27736445
1545696531742,0.0048,443949,0,27736446
1545696531854,0.1333,443953,1,27736447
1545696531878,0.2000,444165,1,27736448
1545696531902,0.2150,444188,1,27736449
1545696531926,0.3270,444189,1,27736450
1545696532811,0.0160,444120,0,27736451
1545696532933,0.0200,444163,1,27736452
1545696533062,0.0101,444163,1,27736453
1545696533157,0.0035,444163,1,27736454
1545696533180,0.0066,444190,1,27736455
1545696533323,0.0474,444190,1,27736456
1545696533351,0.0010,444413,1,27736457
1545696533376,0.0031,444428,1,27736458
1545696533399,0.0485,444429,1,27736459
1545696534957,0.0031,444189,1,27736460
1545696534980,0.0080,444385,1,27736461
1545696535004,0.0115,444429,1,27736462
1545696535028,0.0123,444438,1,27736463
1545696535053,0.0016,444439,1,27736464
1545696535077,0.0100,444439,1,27736465
1545696535102,0.0075,444486,1,27736466
1545696535823,0.0080,444260,0,27736467
1545696537714,0.0082,444260,0,27736468
1545696537739,0.0450,444189,0,27736469
1545696537764,0.1632,444150,0,27736470
1545696537795,0.0080,444130,0,27736471
1545696537823,0.0007,444120,0,27736472
1545696537979,0.0005,444080,0,27736473
1545696539933,0.0008,444283,1,27736474
1545696539984,0.0091,444486,1,27736475
1545696542734,0.0080,444287,0,27736476
1545696542760,0.0080,444287,0,27736477
1545696542787,0.0008,444283,0,27736478
1545696542813,0.0100,444199,0,27736479
1545696542840,0.0005,444080,0,27736480
1545696542867,0.0021,444023,0,27736481
1545696543003,0.2320,444486,1,27736482
1545696543029,0.0100,444486,1,27736483
1545696543054,0.0010,444525,1,27736484
1545696543079,0.0050,444561,1,27736485
1545696543111,0.0050,444561,1,27736486
1545696543136,0.0010,444593,1,27736487
1545696543159,0.0084,444625,1,27736488
1545696543184,0.0118,444625,1,27736489
1545696543209,0.0100,444636,1,27736490
1545696543233,0.0929,444690,1,27736491
1545696543257,0.0600,444695,1,27736492
1545696543281,0.0029,444738,1,27736493
1545696543810,0.0077,444738,1,27736494
1545696543862,0.0123,444837,1,27736495
1545696544814,0.0100,444738,1,27736496
1545696544868,0.0001,444763,1,27736497
1545696545075,0.0101,444763,1,27736498
1545696551811,0.0001,444602,1,27736499
1545696553722,0.0080,444718,1,27736500
1545696553752,0.0080,444719,1,27736501
1545696555811,0.0200,444732,1,27736502
1545696557783,0.0050,444722,0,27736503
1545696558040,0.0300,444702,1,27736504
1545696558793,0.0100,444702,1,27736505
1545696559973,0.0497,444702,1,27736506
1545696560801,0.0050,444692,1,27736507
1545696561031,0.0030,444692,1,27736508
1545696561083,0.0020,444702,1,27736509
1545696562737,0.0010,444702,1,27736510
1545696566862,0.0001,444662,1,27736511
1545696567743,0.0655,444702,1,27736512
1545696570753,0.2261,444632,0,27736513
1545696570781,0.0080,444632,0,27736514
1545696570806,0.0600,444622,0,27736515
1545696570834,0.0100,444622,0,27736516
1545696573819,0.0080,444518,0,27736517
1545696573996,0.0020,444508,0,27736518
1545696574212,0.0060,444508,0,27736519
1545696574263,0.0600,444504,0,27736520
1545696574320,0.0440,444487,0,27736521
1545696574548,0.0031,444683,1,27736522
1545696574763,0.0969,444683,1,27736523
1545696574815,0.0112,444692,1,27736524
1545696574867,0.0100,444702,1,27736525
1545696576801,0.0080,444712,0,27736526
1545696576853,0.0250,444702,0,27736527
1545696577061,0.0600,444702,0,27736528
1545696578066,0.0010,444489,0,27736529
1545696578117,0.0100,444487,0,27736530
1545696578167,0.0100,444486,0,27736531
1545696578220,0.0100,444486,0,27736532
1545696578276,0.0100,444486,0,27736533
1545696578326,0.0010,444320,0,27736534
1545696578377,0.0100,444257,0,27736535
1545696578427,0.0200,444222,0,27736536
1545696578477,0.0280,444170,0,27736537
1545696578661,0.0200,444170,0,27736538
1545696578863,0.0020,444170,0,27736539
1545696578920,0.0180,444126,0,27736540
1545696579139,0.0123,444126,0,27736541
1545696579203,0.0077,444023,0,27736542
1545696579437,0.0100,444023,0,27736543
1545696580034,0.2160,444486,1,27736544
1545696580845,0.0460,444486,1,27736545
1545696582848,0.0007,444254,1,27736546
1545696586818,0.0052,444131,0,27736547
1545696586869,0.0448,444082,0,27736548
1545696596924,0.0020,444495,1,27736549
1545696597815,0.0031,444256,0,27736550
1545696597867,0.0049,444255,0,27736551
1545696598114,0.0009,444369,1,27736552
1545696598724,0.0051,444255,0,27736553
1545696598755,0.0049,444254,0,27736554
1545696598928,0.0200,444254,0,27736555
1545696599981,0.0005,444312,1,27736556
1545696600713,0.0060,444264,0,27736557
1545696600750,0.0040,444254,0,27736558
1545696602836,0.2000,444254,0,27736559
1545696603037,0.0100,444254,0,27736560
1545696603231,0.0061,444254,0,27736561
1545696603428,0.0061,444254,0,27736562
1545696603718,0.5000,444254,0,27736563
1545696603850,0.3136,444254,0,27736564
1545696605781,0.0060,444264,0,27736565
1545696605806,0.0040,444254,0,27736566
1545696606802,0.3092,444254,0,27736567
1545696607020,0.0060,444254,0,27736568
1545696607194,0.0061,444254,0,27736569
1545696607761,0.0200,444255,0,27736570
1545696610760,0.0100,444255,0,27736571
1545696610985,0.0508,444255,0,27736572
1545696611037,0.0251,444254,0,27736573
1545696612737,0.0060,444254,0,27736574
1545696612868,0.0061,444254,0,27736575
1545696612986,0.0061,444254,0,27736576
1545696614819,0.0004,444292,1,27736577
1545696616791,0.0200,444254,0,27736578
1545696617814,0.0052,444332,0,27736579
1545696618783,0.0100,444254,0,27736580
1545696619789,0.0112,444259,0,27736581
1545696619931,0.0088,444254,0,27736582
1545696620066,0.0061,444254,0,27736583
1545696620185,0.0061,444254,0,27736584
1545696620721,0.0061,444254,0,27736585
1545696623784,0.2000,444254,0,27736586
1545696623995,0.0490,444254,0,27736587
1545696624218,0.0405,444254,0,27736588
1545696624784,0.0100,444254,0,27736589
1545696625742,0.0108,444254,0,27736590
1545696625773,0.0027,444023,0,27736591
1545696625803,0.0065,444023,0,27736592
1545696629942,0.0003,444167,1,27736593
1545696630858,0.0010,444060,0,27736594
1545696630909,0.0035,444023,0,27736595
1545696630962,0.0155,444000,0,27736596
1545696632854,0.0045,444000,0,27736597
1545696632905,0.0002,443949,0,27736598
1545696632957,0.0099,443859,0,27736599
1545696633008,0.0054,443821,0,27736600
1545696633215,0.0497,444061,0,27736601
1545696635777,0.0200,444061,0,27736602
1545696635898,0.0700,444061,0,27736603
1545696638743,0.0080,443825,0,27736604
1545696638772,0.0407,443821,0,27736605
1545696638806,0.0013,443799,0,27736606
1545696639751,0.0050,443825,0,27736607
1545696639808,0.0281,443799,0,27736608
1545696639858,0.0010,443749,0,27736609
1545696639923,0.0500,443708,0,27736610
1545696639986,0.0151,443703,0,27736611
1545696640047,0.0100,443700,0,27736612
1545696640101,0.0061,443682,0,27736613
1545696640152,0.0200,443651,0,27736614
1545696640202,0.0100,443616,0,27736615
1545696640252,0.1127,443568,0,27736616
1545696640303,0.0930,443344,0,27736617
1545696640352,0.0100,443339,0,27736618
1545696640401,0.0099,443328,0,27736619
1545696640451,0.0600,443252,0,27736620
1545696640501,0.3000,443051,0,27736621
1545696640551,0.0600,443042,0,27736622
1545696640602,0.0050,443022,0,27736623
1545696640657,0.0050,443022,0,27736624
1545696640707,0.0050,443022,0,27736625
1545696640761,0.0050,443022,0,27736626
1545696640811,0.0050,443020,0,27736627
1545696640860,0.0050,443020,0,27736628
1545696641023,0.0075,443574,0,27736629
1545696641074,0.0200,443029,0,27736630
1545696641125,0.0050,443020,0,27736631
1545696641175,0.0050,443020,0,27736632
1545696641229,0.1000,443001,0,27736633
1545696641286,0.0416,443001,0,27736634
1545696643670,0.0002,443521,1,27736635
1545696645695,0.0080,443825,1,27736636
1545696645749,0.0220,443949,1,27736637
1545696655606,0.0147,443133,0,27736638
1545696656674,0.0031,443700,1,27736639
1545696656726,0.0200,443700,1,27736640
1545696656779,0.0683,443701,1,27736641
1545696664585,0.0001,443418,1,27736642
1545696667689,0.0010,443640,1,27736643
1545696667752,0.0050,443643,1,27736644
1545696667832,0.0050,443643,1,27736645
1545696667884,0.0050,443643,1,27736646
1545696667945,0.0050,443643,1,27736647
1545696668014,0.0110,443658,1,27736648
1545696668586,0.0170,443658,1,27736649
1545696668611,0.0030,443721,1,27736650
1545696669764,0.0080,443711,1,27736651
1545696669830,0.0060,443741,1,27736652
1545696671679,0.0300,443740,1,27736653
1545696673208,0.0180,443731,1,27736654
1545696673233,0.0020,443740,1,27736655
1545696674667,0.0112,443730,1,27736656
1545696674726,0.0118,443741,1,27736657
1545696676602,0.0010,443865,1,27736658
1545696676646,0.0090,443956,1,27736659
1545696677584,0.0010,443740,0,27736660
1545696677608,0.0010,443421,0,27736661
1545696677632,0.0080,443335,0,27736662
1545696677770,0.0100,443332,0,27736663
1545696677909,0.0201,443332,0,27736664
1545696678009,0.0009,443332,0,27736665
1545696678109,0.0498,443332,0,27736666
1545696678217,0.0009,443802,1,27736667
1545696678241,0.0341,443956,1,27736668
1545696678345,0.1000,443811,1,27736669
1545696678369,0.0388,443956,1,27736670
1545696678392,0.0050,444021,1,27736671
1545696678417,0.0050,444021,1,27736672
1545696678442,0.0050,444021,1,27736673
1545696678466,0.0050,444021,1,27736674
1545696678490,0.0050,444031,1,27736675
1545696678514,0.1000,444031,1,27736676
1545696678538,0.5304,444032,1,27736677
1545696678562,0.0100,444032,1,27736678
1545696678587,0.0010,444051,1,27736679
1545696678610,0.0060,444061,1,27736680
1545696678635,0.1280,444088,1,27736681
1545696678665,0.0774,444172,1,27736682
1545696679767,0.0540,444225,0,27736683
1545696679895,0.0931,444225,0,27736684
1545696680060,0.0880,444225,0,27736685
1545696680226,0.0291,444225,0,27736686
1545696680362,0.0240,444234,1,27736687
1545696680521,0.0200,444234,1,27736688
1545696681619,0.1992,444225,0,27736689
1545696681672,0.0080,444225,0,27736690
1545696681823,0.0009,443802,0,27736691
1545696682190,0.0550,443740,1,27736692
1545696682322,0.1379,443740,1,27736693
1545696682346,0.0119,444148,1,27736694
1545696682372,0.2000,444225,1,27736695
1545696682397,0.0440,444233,1,27736696
1545696682436,0.3472,444234,1,27736697
1545696683636,0.0080,444230,0,27736698
1545696683775,0.0032,444230,0,27736699
1545696683914,0.0100,444230,1,27736700
1545696684056,0.0743,444230,1,27736701
1545696684091,0.0257,444291,1,27736702
1545696684760,0.0080,443740,0,27736703
1545696684896,0.0003,443935,0,27736704
1545696685674,0.0225,444155,1,27736705
1545696685728,0.0650,444181,1,27736706
1545696686673,0.0350,444181,1,27736707
1545696686724,0.0875,444230,1,27736708
1545696686780,0.7146,444233,1,27736709
1545696686839,0.0010,444267,1,27736710
1545696686891,0.1397,444290,1,27736711
1545696686942,0.9822,444292,1,27736712
1545696687589,0.0080,444292,1,27736713
1545696687725,0.0098,444292,1,27736714
1545696687749,0.0452,444332,1,27736715
1545696688645,0.0200,444181,0,27736716
1545696688898,0.0030,444181,0,27736717
1545696689145,0.0080,444291,1,27736718
1545696689355,0.0200,444291,1,27736719
1545696689762,0.0080,444191,0,27736720
1545696689788,0.0020,444181,0,27736721
1545696689914,0.0398,444181,0,27736722
1545696689940,0.0100,444164,0,27736723
1545696689963,0.0009,444156,0,27736724
1545696690071,0.0090,444156,0,27736725
1545696691790,0.0100,444155,0,27736726
1545696691979,0.0030,444155,0,27736727
1545696692201,0.0005,444218,1,27736728
1545696692254,0.0095,444332,1,27736729
1545696692468,0.0100,444332,1,27736730
1545696693633,0.0005,444218,0,27736731
1545696693687,0.0999,444172,0,27736732
1545696693963,0.0162,444172,0,27736733
1545696697580,0.0074,444174,0,27736734
1545696697693,0.0103,444179,1,27736735
1545696697718,0.1097,444226,1,27736736
1545696698577,0.0100,444174,0,27736737
1545696699928,0.0130,444176,0,27736738
1545696699980,0.0540,444173,0,27736739
1545696700033,0.0453,444155,0,27736740
1545696700085,0.0078,444155,0,27736741
1545696700591,0.0028,444226,1,27736742
1545696700614,0.0060,444332,1,27736743
1545696700639,0.0010,444398,1,27736744
1545696700665,0.0102,444473,1,27736745
1545696701597,0.0049,444175,0,27736746
1545696702614,0.0080,444179,0,27736747
1545696702643,0.0069,444179,0,27736748
1545696703601,0.0011,444179,0,27736749
1545696703626,0.0031,444176,0,27736750
1545696703652,0.0038,444175,0,27736751
1545696704662,0.0034,444175,0,27736752
1545696705600,0.0380,444175,0,27736753
1545696707644,0.0008,444259,1,27736754
1545696708666,0.0055,444175,0,27736755
1545696709676,0.0370,444176,0,27736756
1545696709880,0.0032,444176,0,27736757
1545696711604,0.0185,444175,0,27736758
1545696711630,0.0081,444175,0,27736759
1545696712595,0.0450,444175,0,27736760
1545696713661,0.0149,444175,0,27736761
1545696716620,0.0022,444155,0,27736762
1545696716657,0.0050,443935,0,27736763
1545696716688,0.0010,443865,0,27736764
1545696716717,0.0018,443809,0,27736765
1545696723631,0.0005,444100,0,27736766
1545696725597,0.0390,444100,0,27736767
1545696728604,0.0080,444100,0,27736768
1545696729829,0.0500,444100,0,27736769
1545696731617,0.0037,444100,0,27736770
1545696732597,0.0100,444100,0,27736771
1545696732743,0.0500,444100,0,27736772
1545696732896,0.0046,444100,0,27736773
1545696736601,0.0370,444100,0,27736774
1545696740595,0.0470,444100,0,27736775
1545696743645,0.0004,444120,1,27736776
1545696745677,0.0050,444119,1,27736777
1545696745728,0.0100,444119,1,27736778
1545696747646,0.0002,444100,0,27736779
1545696747705,0.0050,443942,0,27736780
1545696747761,0.0010,443903,0,27736781
1545696747814,0.0038,443803,0,27736782
1545696748022,0.0370,443803,0,27736783
1545696748662,0.0200,443819,0,27736784
1545696750776,0.0080,443819,0,27736785
1545696754664,0.0100,443803,0,27736786
1545696754867,0.0367,443803,0,27736787
1545696755073,0.0010,443803,0,27736788
1545696755265,0.0100,443803,0,27736789
1545696755668,0.0010,443807,0,27736790
1545696757601,0.0070,443807,0,27736791
1545696757630,0.0030,443807,0,27736792
1545696757790,0.0498,443807,0,27736793
1545696757893,0.0007,443941,1,27736794
1545696760026,0.0867,443807,0,27736795
1545696760078,0.0025,443803,0,27736796
1545696760129,0.0108,443600,0,27736797
1545696763820,0.0080,444029,1,27736798
1545696763863,0.0020,444061,1,27736799
1545696765889,0.0366,443829,0,27736800
1545696766829,0.0100,443829,0,27736801
1545696767878,0.0010,443706,0,27736802
1545696767932,0.0032,443600,0,27736803
1545696767984,0.0198,443484,0,27736804
1545696768837,0.0100,443500,0,27736805
1545696768979,0.0080,443488,0,27736806
1545696769006,0.0020,443484,0,27736807
1545696772847,0.0006,443805,1,27736808
1545696777886,0.0080,443942,1,27736809
1545696777916,0.0010,444005,1,27736810
1545696777941,0.0060,444018,1,27736811
1545696777968,0.0031,444027,1,27736812
1545696778103,0.0130,444053,1,27736813
1545696778127,0.0149,444054,1,27736814
1545696778830,0.0100,443626,0,27736815
1545696779891,0.0100,443626,0,27736816
1545696780053,0.0011,443675,0,27736817
1545696780078,0.0487,443627,0,27736818
1545696781821,0.0080,444045,1,27736819
1545696781847,0.0120,444054,1,27736820
1545696781997,0.0390,444055,1,27736821
1545696785944,0.0200,443742,0,27736822
1545696786164,0.0005,443883,1,27736823
1545696788893,0.0100,443743,0,27736824
1545696792885,0.0080,443762,0,27736825
1545696792937,0.0020,443762,0,27736826
1545696796921,0.0200,443970,1,27736827
1545696796972,0.0100,444000,1,27736828
1545696797022,0.0050,444087,1,27736829
1545696797071,0.0010,444090,1,27736830
1545696797121,0.2530,444122,1,27736831
1545696798898,0.0010,444130,0,27736832
1545696799984,0.0001,443945,1,27736833
1545696800012,0.0005,444112,1,27736834
1545696801896,0.0268,443783,0,27736835
1545696802890,0.0060,443793,0,27736836
1545696802949,0.0020,443784,0,27736837
1545696803164,0.0225,443784,0,27736838
1545696803910,0.0300,443928,1,27736839
1545696807885,0.0024,443790,0,27736840
1545696808135,0.0112,444120,1,27736841
1545696808197,0.0006,444134,1,27736842
1545696808252,0.0882,444139,1,27736843
1545696808882,0.0437,443823,0,27736844
1545696810049,0.0080,444129,1,27736845
1545696810081,0.3843,444139,1,27736846
1545696811950,0.0171,444053,1,27736847
1545696812002,0.0299,444139,1,27736848
1545696812211,0.4879,444139,1,27736849
1545696812261,0.0080,444139,1,27736850
1545696812314,0.0010,444173,1,27736851
1545696812375,0.0100,444174,1,27736852
1545696812431,0.0450,444175,1,27736853
1545696813033,0.0060,444139,0,27736854
1545696813089,0.0061,444139,0,27736855
1545696813318,0.0149,444138,1,27736856
1545696813378,0.0100,444361,1,27736857
1545696813438,0.0274,444394,1,27736858
1545696813501,0.0477,444431,1,27736859
1545696814818,0.0036,443909,0,27736860
1545696814851,0.0080,443863,0,27736861
1545696814879,0.0064,443858,0,27736862
1545696815001,0.0009,444273,1,27736863
1545696815911,0.0036,444186,0,27736864
1545696816114,0.1000,444186,0,27736865
1545696816934,0.0100,444186,0,27736866
1545696817126,0.0100,444186,0,27736867
1545696818976,0.0002,444187,0,27736868
1545696821869,0.0002,444200,0,27736869
1545696822889,0.0023,444217,0,27736870
1545696825918,0.0006,444227,0,27736871
1545696828833,0.0005,444366,1,27736872
1545696830036,0.0023,444240,0,27736873
1545696830252,0.0002,444460,1,27736874
1545696830302,0.0100,444505,1,27736875
1545696830359,0.0100,444506,1,27736876
1545696830416,0.0010,444583,1,27736877
1545696830472,0.0028,444677,1,27736878
1545696832821,0.0181,444262,0,27736879
1545696833046,0.0016,444262,0,27736880
1545696835809,0.0036,444626,1,27736881
1545696835835,0.0023,444653,1,27736882
1545696835860,0.0072,444677,1,27736883
1545696835884,0.0100,444677,1,27736884
1545696836006,0.0069,444722,1,27736885
1545696836897,0.0010,444317,0,27736886
1545696838912,0.0024,444324,0,27736887
1545696842811,0.0309,444325,0,27736888
1545696842980,0.0004,444506,1,27736889
1545696843804,0.0437,444333,0,27736890
1545696843979,0.0100,444333,0,27736891
1545696844867,0.0024,444336,0,27736892
1545696845876,0.0010,444461,1,27736893
1545696846079,0.0060,444676,1,27736894
1545696846128,0.0080,444676,1,27736895
1545696846179,0.0290,444686,1,27736896
1545696846889,0.0639,444686,1,27736897
1545696847855,0.0106,444690,0,27736898
1545696848089,0.0181,444690,0,27736899
1545696848283,0.0044,444690,0,27736900
1545696852803,0.0051,444411,0,27736901
1545696853814,0.0010,444690,0,27736902
1545696855852,0.0090,444422,0,27736903
1545696856031,0.0010,444415,0,27736904
1545696856230,0.0070,444415,0,27736905
1545696856280,0.0080,444415,0,27736906
1545696856337,0.0348,444412,0,27736907
1545696856552,0.0007,444536,1,27736908
1545696856603,0.0990,444658,1,27736909
1545696857863,0.0100,444690,0,27736910
1545696858065,0.1000,444690,0,27736911
1545696858272,0.0850,444690,0,27736912
1545696858467,0.0358,444690,0,27736913
1545696858649,0.0137,444690,0,27736914
1545696858848,0.0010,444696,1,27736915
1545696860000,0.0100,444690,0,27736916
1545696860200,0.0200,444690,0,27736917
1545696860396,0.0200,444690,0,27736918
1545696860627,0.0200,444690,0,27736919
1545696860826,0.0100,444690,0,27736920
1545696861040,0.0060,444700,0,27736921
1545696861104,0.0020,444690,0,27736922
1545696861306,0.0080,444700,0,27736923
1545696861516,0.0010,444700,0,27736924
1545696861566,0.5649,444690,0,27736925
1545696861617,0.0540,444689,0,27736926
1545696862812,0.0007,444536,0,27736927
1545696862843,0.0193,444438,0,27736928
1545696862991,0.0227,444438,0,27736929
1545696863020,0.0134,444413,0,27736930
1545696863193,0.0310,444413,0,27736931
1545696871803,0.0080,444417,0,27736932
1545696871831,0.0080,444417,0,27736933
1545696871857,0.0140,444413,0,27736934
1545696871993,0.0008,444504,1,27736935
1545696873887,0.0496,444413,0,27736936
1545696874908,0.1000,444413,1,27736937
1545696875137,0.0505,444413,1,27736938
1545696875834,0.0170,444403,1,27736939
1545696875871,0.0030,444413,1,27736940
1545696876873,0.0181,444327,0,27736941
1545696877081,0.0120,444403,1,27736942
1545696877132,0.0880,444413,1,27736943
1545696877883,0.1100,444413,1,27736944
1545696878823,0.1090,444413,1,27736945
1545696879783,0.0060,444413,1,27736946
1545696881488,0.0080,444336,0,27736947
1545696881524,0.0120,444332,0,27736948
1545696883507,0.9828,444413,1,27736949
1545696883544,0.0072,444417,1,27736950
1545696885491,0.0008,444379,1,27736951
1545696888620,0.0030,444414,0,27736952
1545696888671,0.0468,444414,0,27736953
1545696888855,0.0080,444414,0,27736954
1545696891566,0.0080,444413,0,27736955
1545696891788,0.0008,444413,0,27736956
1545696891981,0.0031,444413,0,27736957
1545696893491,0.0244,444412,1,27736958
1545696895487,0.0168,444412,0,27736959
1545696897523,0.0002,444459,1,27736960
1545696904533,0.0100,444412,0,27736961
1545696904788,0.0100,444507,1,27736962
1545696907548,0.0071,444412,0,27736963
1545696907600,0.0029,444326,0,27736964
1545696909489,0.0199,444459,0,27736965
1545696909683,0.0242,444459,0,27736966
1545696909709,0.0058,444326,0,27736967
1545696909860,0.0013,444326,0,27736968
1545696909901,0.0100,444324,0,27736969
1545696909941,0.0080,444309,0,27736970
1545696909981,0.0305,444299,0,27736971
1545696912566,0.0009,444403,1,27736972
1545696913528,0.0080,444303,0,27736973
1545696913581,0.0020,444303,0,27736974
1545696918510,0.0112,444309,0,27736975
1545696918543,0.0031,444304,0,27736976
1545696918573,0.0097,444304,0,27736977
1545696918714,0.0003,444304,0,27736978
1545696918744,0.0095,444299,0,27736979
1545696918783,0.0100,444262,0,27736980
1545696918821,0.0002,444186,0,27736981
1545696918949,0.0080,444463,1,27736982
1545696918974,0.0483,444507,1,27736983
1545696918999,0.0100,444507,1,27736984
1545696919025,0.0080,444579,1,27736985
1545696919050,0.0068,444589,1,27736986
1545696919075,0.0010,444627,1,27736987
1545696919101,0.0060,444690,1,27736988
1545696919126,0.0061,444690,1,27736989
1545696919151,0.0061,444690,1,27736990
1545696919176,0.0060,444690,1,27736991
1545696919215,0.1630,444715,1,27736992
1545696919241,0.0810,444715,1,27736993
1545696919265,0.5495,444716,1,27736994
1545696921486,0.0080,444329,0,27736995
1545696921526,0.0020,444319,0,27736996
1545696921657,0.0100,444319,0,27736997
1545696923490,0.0339,444349,0,27736998
1545696924527,0.0080,444359,0,27736999
1545696924589,0.0020,444359,0,27737000
1545696925524,0.0060,444359,0,27737001
1545696925575,0.0940,444349,0,27737002
1545696925790,0.0200,444349,0,27737003
1545696926504,0.0004,444410,1,27737004
1545696928481,0.0100,444349,0,27737005
1545696928507,0.0200,444343,0,27737006
1545696928536,0.0098,444186,0,27737007
1545696928575,0.0010,444183,0,27737008
1545696928615,0.0110,444001,0,27737009
1545696928650,0.0046,444000,0,27737010
1545696931581,0.0060,444010,0,27737011
1545696931609,0.0040,444004,0,27737012
1545696931748,0.0020,444004,0,27737013
1545696931849,0.0100,444183,1,27737014
1545696933598,0.0398,444183,1,27737015
1545696933651,0.0092,444349,1,27737016
1545696934617,0.0020,444004,0,27737017
1545696934667,0.0080,444000,0,27737018
1545696936575,0.0594,444172,1,27737019
1545696936626,0.0112,444173,1,27737020
1545696938499,0.0156,444001,0,27737021
1545696938552,0.0354,444000,0,27737022
1545696940780,0.0100,444000,0,27737023
1545696940884,0.0100,444000,0,27737024
1545696941008,0.0200,444000,0,27737025
1545696941172,0.0257,444000,0,27737026
1545696941210,0.0100,444000,0,27737027
1545696941294,0.0102,444000,0,27737028
1545696941329,0.0100,443996,0,27737029
1545696941366,0.1390,443995,0,27737030
1545696941398,0.0600,443931,0,27737031
1545696941423,0.0230,443899,0,27737032
1545696941447,0.0010,443864,0,27737033
1545696941472,0.0100,443783,0,27737034
1545696941496,0.9014,443762,0,27737035
1545696941619,0.0005,443725,1,27737036
1545696941717,0.1390,443725,1,27737037
1545696942796,0.0302,443725,1,27737038
1545696944845,0.0033,443770,0,27737039
1545696946778,0.0034,443770,0,27737040
1545696946802,0.0066,443729,0,27737041
1545696946940,0.0014,443729,0,27737042
1545696946965,0.0086,443725,0,27737043
1545696949967,0.0050,443770,0,27737044
1545696950014,0.0195,443725,0,27737045
1545696950039,0.0010,443706,0,27737046
1545696950064,0.0050,443681,0,27737047
1545696950089,0.0025,443681,0,27737048
1545696950801,0.0025,443681,0,27737049
1545696950831,0.0050,443678,0,27737050
1545696950856,0.0025,443678,0,27737051
1545696951801,0.0025,443678,0,27737052
1545696951828,0.0050,443678,0,27737053
1545696951857,0.0050,443678,0,27737054
1545696951889,0.0050,443678,0,27737055
1545696952018,0.0031,443678,1,27737056
1545696953784,0.4081,443665,0,27737057
1545696953813,0.1265,443665,0,27737058
1545696953837,0.0088,443636,0,27737059
1545696953864,0.0100,443627,0,27737060
1545696953888,0.0600,443409,0,27737061
1545696955855,0.0100,443398,0,27737062
1545696956107,0.0330,443405,1,27737063
1545696956301,0.0050,443405,1,27737064
1545696956832,0.0080,443398,0,27737065
1545696957787,0.0100,443398,0,27737066
1545696957939,0.0080,443398,0,27737067
1545696958098,0.0008,443401,1,27737068
1545696959779,0.0767,443398,0,27737069
1545696962964,0.0100,443325,0,27737070
1545696963196,0.0031,443374,1,27737071
1545696963246,0.0069,443375,1,27737072
1545696964854,0.0100,443326,0,27737073
1545696964993,0.0200,443326,0,27737074
1545696965110,0.0292,443326,0,27737075
1545696965785,0.0500,443326,0,27737076
1545696966846,0.0770,443326,0,27737077
1545696966915,0.0030,443273,0,27737078
1545696968850,0.0088,443152,0,27737079
1545696968903,0.0010,443128,0,27737080
1545696968964,0.0002,443043,0,27737081
1545696969191,0.0087,443225,1,27737082
1545696969862,0.0026,443048,0,27737083
1545696971795,0.0002,443136,1,27737084
1545696974820,0.0080,443052,0,27737085
1545696974864,0.0028,443043,0,27737086
1545696974890,0.0100,443020,0,27737087
1545696974915,0.0050,443008,0,27737088
1545696974941,0.0195,443001,0,27737089
1545696975087,0.0060,443011,0,27737090
1545696975114,0.0280,443001,0,27737091
1545696975282,0.0007,443185,1,27737092
1545696976837,0.0100,443028,0,27737093
1545696979878,0.1900,443028,0,27737094
1545696979996,0.0050,443028,0,27737095
1545696980053,0.2525,443001,0,27737096
1545696980117,0.0453,443001,0,27737097
1545696980180,0.0002,443000,0,27737098
1545696980245,0.2978,443000,0,27737099
1545696980460,0.0080,443091,1,27737100
1545696980514,0.0067,443123,1,27737101
1545696980564,0.0060,443126,1,27737102
1545696980613,0.0033,443136,1,27737103
1545696982865,0.0031,443010,0,27737104
1545696983858,0.0080,443020,0,27737105
1545696984069,0.0120,443000,0,27737106
1545696984288,0.0110,443083,1,27737107
1545696984341,0.0220,443093,1,27737108
1545696984836,0.0100,443000,0,27737109
1545696985066,0.1907,443000,0,27737110
1545696985262,0.0423,443093,1,27737111
1545696985315,0.0540,443134,1,27737112
1545696985368,0.0839,443135,1,27737113
1545696985910,0.0007,443041,1,27737114
1545696985961,0.0413,443135,1,27737115
1545696987891,0.0007,443041,0,27737116
1545696987943,0.0003,443010,0,27737117
1545696988177,0.0375,443135,1,27737118
1545696988394,0.0630,443135,1,27737119
1545696988830,0.0112,443005,0,27737120
1545696988883,0.0184,443000,0,27737121
1545696989858,0.0050,443010,0,27737122
1545696990070,0.0030,443010,0,27737123
1545696990121,0.0467,443000,0,27737124
1545696990835,0.0100,443000,0,27737125
1545696991117,0.0031,443000,0,27737126
1545696991869,0.0080,443010,0,27737127
1545696991919,0.0417,443000,0,27737128
1545696993793,0.0400,443000,0,27737129
1545696993903,0.3296,443000,0,27737130
1545696993931,1.0000,443000,0,27737131
1545696993963,0.0200,443000,0,27737132
1545696993990,0.0050,443000,0,27737133
1545696994018,0.0540,442999,0,27737134
1545696994045,0.0050,442971,0,27737135
1545696994069,0.0050,442971,0,27737136
1545696994098,0.0050,442971,0,27737137
1545696994122,0.0364,442917,0,27737138
1545696994850,0.0150,442917,0,27737139
1545696994907,0.0010,442845,0,27737140
1545696994964,0.0050,442757,0,27737141
1545696995017,0.0050,442757,0,27737142
1545696995079,0.0100,442753,0,27737143
1545696995140,0.0100,442750,0,27737144
1545696995199,0.0030,442749,0,27737145
1545696995259,0.0500,442613,0,27737146
1545696995319,0.0010,442592,0,27737147
1545696995545,0.0190,442592,0,27737148
1545696995731,0.0001,442548,0,27737149
1545696995811,0.0009,442524,0,27737150
1545696996027,0.0091,442524,0,27737151
1545696996085,0.0009,442513,0,27737152
1545696996867,0.0080,442552,0,27737153
1545696996924,0.0120,442513,0,27737154
1545696997119,0.0048,442517,0,27737155
1545696997325,0.0032,442517,0,27737156
1545696997400,0.0010,442517,0,27737157
1545696997464,0.0158,442513,0,27737158
1545696997707,0.0700,442513,0,27737159
1545697001601,0.0004,442676,1,27737160
1545697003653,0.0031,442514,0,27737161
1545697003714,0.0065,442514,0,27737162
1545697003963,0.0035,442514,0,27737163
1545697004030,0.0065,442513,0,27737164
1545697004248,0.0077,442513,0,27737165
1545697004300,0.0023,442513,0,27737166
1545697004664,0.0027,442513,0,27737167
1545697004718,0.0064,442443,0,27737168
1545697004771,0.0050,442388,0,27737169
1545697004825,0.0179,442344,0,27737170
1545697008715,0.0022,442344,0,27737171
1545697008860,0.0010,442622,1,27737172
1545697009603,0.0080,442622,1,27737173
1545697009785,0.0100,442631,1,27737174
1545697009812,0.0080,442632,1,27737175
1545697009836,0.0050,442632,1,27737176
1545697009861,0.0051,442632,1,27737177
1545697010597,0.0100,442344,0,27737178
1545697010740,0.0049,442344,0,27737179
1545697011611,0.0200,442344,0,27737180
1545697011762,0.0950,442344,0,27737181
1545697011800,0.0500,442274,0,27737182
1545697011843,0.0010,442261,0,27737183
1545697011887,0.0050,442248,0,27737184
1545697012788,0.0100,442247,1,27737185
1545697015740,0.0050,442187,0,27737186
1545697015790,0.0050,442187,0,27737187
1545697015841,0.0050,442187,0,27737188
1545697015891,0.0050,442187,0,27737189
1545697015942,0.0050,442187,0,27737190
1545697015994,0.0050,442187,0,27737191
1545697016045,0.0050,442187,0,27737192
1545697016097,0.0050,442187,0,27737193
1545697016151,0.0050,442187,0,27737194
1545697016202,0.0050,442187,0,27737195
1545697017726,0.1000,442018,0,27737196
1545697017957,0.0003,442117,1,27737197
1545697018662,0.0100,442015,0,27737198
1545697018909,0.0500,442015,0,27737199
1545697019107,0.0400,442015,0,27737200
1545697019354,0.0003,442117,1,27737201
1545697019808,0.0097,442187,0,27737202
1545697019859,0.0003,442015,0,27737203
1545697020068,0.0100,442015,0,27737204
1545697020635,0.0080,442025,0,27737205
1545697020688,0.0028,442015,0,27737206
1545697020740,0.0050,442015,0,27737207
1545697020933,0.0020,442001,0,27737208
1545697020983,0.0002,442000,0,27737209
1545697021034,0.0020,442000,0,27737210
1545697021611,0.0002,442000,0,27737211
1545697021685,0.0001,442000,0,27737212
1545697021723,0.0297,442000,0,27737213
1545697021862,0.2000,442000,0,27737214
1545697021966,0.0100,442000,0,27737215
1545697022070,0.1603,442000,0,27737216
1545697022095,0.0140,442000,0,27737217
1545697022135,0.0010,441836,0,27737218
1545697022162,0.0500,441808,0,27737219
1545697022190,0.0200,441780,0,27737220
1545697023659,0.0055,441719,0,27737221
1545697023716,0.0145,441715,0,27737222
1545697023890,0.0100,441735,1,27737223
1545697024658,0.0138,441715,0,27737224
1545697024729,0.1862,441618,0,27737225
1545697025690,0.0150,441725,1,27737226
1545697026701,0.0080,441725,0,27737227
1545697026933,0.0101,441734,1,27737228
1545697026998,0.0899,441735,1,27737229
1545697027663,0.8185,441725,0,27737230
1545697027715,0.0080,441725,0,27737231
1545697027962,0.0050,441725,0,27737232
1545697028996,0.1459,441722,1,27737233
1545697030668,0.0496,441523,1,27737234
1545697030718,0.0006,441655,1,27737235
1545697030768,0.0008,441723,1,27737236
1545697031608,0.0004,441513,1,27737237
1545697032656,0.0080,441419,0,27737238
1545697032716,0.0020,441409,0,27737239
1545697032921,0.0076,441409,0,27737240
1545697033111,0.0004,441409,0,27737241
1545697033595,0.0100,441409,0,27737242
1545697035602,0.0100,441410,0,27737243
1545697035771,0.0030,441409,0,27737244
1545697035921,0.0072,441513,1,27737245
1545697036612,0.0061,441409,0,27737246
1545697038668,0.0080,441419,0,27737247
1545697038718,0.0120,441409,0,27737248
1545697038918,0.2000,441409,0,27737249
1545697039093,0.1000,441409,0,27737250
1545697039309,0.0100,441410,0,27737251
1545697039359,0.0080,441409,0,27737252
1545697039552,0.1240,441409,0,27737253
1545697039835,0.0086,441409,0,27737254
1545697040646,0.0240,441409,0,27737255
1545697040833,0.4943,441409,0,27737256
1545697040885,0.0050,441409,0,27737257
1545697040935,0.0007,441340,0,27737258
1545697041671,0.0100,441315,0,27737259
1545697043625,0.0080,441319,0,27737260
1545697043652,0.0041,441315,0,27737261
1545697043676,0.0100,441253,0,27737262
1545697043799,0.0010,441151,0,27737263
1545697043824,0.0019,441133,0,27737264
1545697044665,0.0100,441133,0,27737265
1545697045658,0.0200,441133,0,27737266
1545697045898,0.0008,441224,1,27737267
1545697045955,0.0024,441249,1,27737268
1545697046035,0.0238,441314,1,27737269
1545697046653,0.0008,441224,0,27737270
1545697046703,0.0080,441137,0,27737271
1545697046754,0.0112,441133,0,27737272
1545697047614,0.0270,441133,0,27737273
1545697048692,0.0432,441133,0,27737274
1545697048743,0.0200,441002,0,27737275
1545697048793,0.0002,441000,0,27737276
1545697048844,0.0022,441000,0,27737277
1545697048898,0.0200,440787,0,27737278
1545697048948,0.0048,440737,0,27737279
1545697049003,0.0096,440691,0,27737280
1545697049204,0.0027,440755,0,27737281
1545697049418,0.0012,441133,1,27737282
1545697049468,0.0080,441195,1,27737283
1545697049517,0.0208,441205,1,27737284
1545697050664,0.0970,440755,0,27737285
1545697050887,0.0100,440755,0,27737286
1545697051069,0.1903,440755,0,27737287
1545697051121,0.0004,440691,0,27737288
1545697051177,0.0007,440616,0,27737289
1545697051235,0.0086,440500,0,27737290
1545697052718,0.0014,440500,0,27737291
1545697052745,0.0050,440471,0,27737292
1545697052768,0.0136,440393,0,27737293
1545697052877,0.0005,440393,0,27737294
1545697052902,0.0095,440349,0,27737295
1545697053024,0.0105,440349,0,27737296
1545697053048,0.0095,440102,0,27737297
1545697053682,0.0100,440500,1,27737298
1545697054607,0.0080,440112,0,27737299
1545697054635,0.0191,440102,0,27737300
1545697054807,0.0100,440500,1,27737301
1545697054831,0.0061,440545,1,27737302
1545697054856,0.0419,440545,1,27737303
1545697055675,0.0240,440501,0,27737304
1545697056730,0.1000,440461,1,27737305
1545697056787,0.0201,440500,1,27737306
1545697056841,0.2626,440501,1,27737307
1545697056898,0.0160,440535,1,27737308
1545697056948,0.0181,440545,1,27737309
1545697057002,0.0530,440546,1,27737310
1545697057053,0.0031,440546,1,27737311
1545697057106,0.1320,440546,1,27737312
1545697057169,0.1320,440546,1,27737313
1545697057219,0.0010,440701,1,27737314
1545697057270,0.1680,440710,1,27737315
1545697060429,0.0080,440133,0,27737316
1545697060590,0.0080,440133,0,27737317
1545697061532,0.0001,440281,1,27737318
1545697061584,0.0201,440458,1,27737319
1545697061634,0.3895,440460,1,27737320
1545697061686,0.0031,440460,1,27737321
1545697062492,0.0602,440530,0,27737322
1545697062730,0.3009,440530,0,27737323
1545697063516,0.0080,440540,0,27737324
1545697063568,0.0120,440530,0,27737325
1545697063753,0.1320,440530,0,27737326
1545697063966,0.0674,440530,0,27737327
1545697065446,0.0080,440540,0,27737328
1545697065485,0.0020,440540,0,27737329
1545697065609,0.0007,440685,1,27737330
1545697066441,0.0042,440554,0,27737331
1545697066582,0.0990,440554,0,27737332
1545697067488,0.0968,440554,0,27737333
1545697067544,0.0282,440356,0,27737334
1545697067799,0.0496,440541,0,27737335
1545697068599,0.0034,440541,0,27737336
1545697068662,0.0066,440356,0,27737337
1545697068877,0.0200,440356,0,27737338
1545697070422,0.0181,440356,0,27737339
1545697070574,0.0100,440530,1,27737340
1545697072544,0.0001,440281,0,27737341
1545697072583,0.0099,440245,0,27737342
1545697072722,0.0227,440245,0,27737343
1545697073501,0.0085,440245,0,27737344
1545697073706,0.0187,440245,0,27737345
1545697073756,0.0100,440134,0,27737346
1545697073808,0.0489,440111,0,27737347
1545697075488,0.0010,440355,1,27737348
1545697076486,0.0010,440115,0,27737349
1545697076745,0.0036,440345,1,27737350
1545697076808,0.0081,440355,1,27737351
1545697076869,0.0183,440459,1,27737352
1545697077519,0.0010,440115,0,27737353
1545697078431,0.1000,440331,1,27737354
1545697079684,0.0010,440223,1,27737355
1545697081476,0.0042,440115,0,27737356
1545697084428,0.0400,440320,1,27737357
1545697085429,0.0677,440135,0,27737358
1545697086467,0.0020,440276,1,27737359
1545697086495,0.0160,440290,1,27737360
1545697086522,0.0100,440310,1,27737361
1545697086547,0.0160,440310,1,27737362
1545697086572,0.0222,440330,1,27737363
1545697086596,0.0302,440354,1,27737364
1545697086620,0.0050,440499,1,27737365
1545697086645,0.0050,440499,1,27737366
1545697086669,0.2268,440505,1,27737367
1545697086695,0.0938,440524,1,27737368
1545697086718,0.3543,440530,1,27737369
1545697086820,0.0010,440629,1,27737370
1545697086844,0.0200,440680,1,27737371
1545697087420,0.0043,440685,0,27737372
1545697087584,0.0010,440685,0,27737373
1545697087706,0.0095,440685,0,27737374
1545697087834,0.0100,440710,1,27737375
1545697088451,0.1299,440685,0,27737376
1545697089582,0.0113,440690,0,27737377
1545697089632,0.0830,440685,0,27737378
1545697089811,0.0047,440115,0,27737379
1545697089997,0.0100,440115,0,27737380
1545697090212,0.0002,440115,0,27737381
1545697090276,0.0100,440103,0,27737382
1545697090341,0.0098,440100,0,27737383
1545697090538,0.0202,440100,0,27737384
1545697090614,0.0100,440010,0,27737385
1545697090680,0.0698,440007,0,27737386
1545697090868,0.0082,440007,0,27737387
1545697090919,0.0018,440006,0,27737388
1545697091116,0.0770,440006,0,27737389
1545697091318,0.0001,440561,1,27737390
1545697091535,0.0100,440101,0,27737391
1545697091731,0.0200,440101,0,27737392
1545697091913,0.0080,440105,0,27737393
1545697091974,0.0120,440101,0,27737394
1545697092166,0.0230,440101,0,27737395
1545697092215,0.0080,440016,0,27737396
1545697092265,0.0080,440016,0,27737397
1545697092315,0.1712,440006,0,27737398
1545697092365,0.1000,440005,0,27737399
1545697092420,0.0776,440005,0,27737400
1545697093490,0.0114,440005,0,27737401
1545697093726,0.0010,440005,0,27737402
1545697094007,0.0100,440098,1,27737403
1545697094509,0.0710,440098,1,27737404
1545697094730,0.8000,440098,1,27737405
1545697095562,0.0080,440014,0,27737406
1545697095633,0.0175,440005,0,27737407
1545697095702,0.4307,440004,0,27737408
1545697095906,0.0043,440004,0,27737409
1545697096134,0.5643,440115,1,27737410
1545697096498,0.0050,440447,1,27737411
1545697096557,0.0010,440450,1,27737412
1545697096615,0.0050,440460,1,27737413
1545697096688,0.0050,440460,1,27737414
1545697096756,0.0040,440460,1,27737415
1545697096997,0.0080,440403,1,27737416
1545697097057,0.0010,440460,1,27737417
1545697097110,0.0530,440514,1,27737418
1545697097164,0.0190,440586,1,27737419
1545697097214,0.0042,440665,1,27737420
1545697097265,0.1148,440685,1,27737421
1545697098483,0.0191,440165,0,27737422
1545697100619,0.0080,440674,1,27737423
1545697100645,0.0080,440675,1,27737424
1545697100669,0.0080,440684,1,27737425
1545697103478,0.0100,440256,0,27737426
1545697103688,0.0010,440256,0,27737427
1545697103896,0.0039,440215,0,27737428
1545697104494,0.0080,440260,0,27737429
1545697104547,0.0020,440260,0,27737430
1545697104800,0.0031,440500,1,27737431
1545697105502,0.0060,440260,0,27737432
1545697105534,0.0075,440260,0,27737433
1545697105560,0.0205,440196,0,27737434
1545697105723,0.0080,440490,1,27737435
1545697105761,0.1920,440499,1,27737436
1545697108509,0.0007,440347,1,27737437
1545697111412,0.0040,440226,0,27737438
1545697111553,0.0080,440455,1,27737439
1545697111576,0.0080,440455,1,27737440
1545697111599,0.0110,440465,1,27737441
1545697111622,0.0210,440498,1,27737442
1545697111647,0.0080,440499,1,27737443
1545697116511,0.0389,440498,1,27737444
1545697116563,0.0291,440499,1,27737445
1545697118506,0.0050,440320,1,27737446
1545697118560,0.1950,440498,1,27737447
1545697119806,0.0080,440266,0,27737448
1545697119844,0.0020,440262,0,27737449
1545697119983,0.0050,440320,1,27737450
1545697120013,0.0050,440495,1,27737451
1545697120884,0.0040,440468,1,27737452
1545697120942,0.0960,440498,1,27737453
1545697121198,0.0620,440497,1,27737454
1545697121248,0.4380,440498,1,27737455
1545697121785,0.0050,440286,0,27737456
1545697121905,0.0050,440458,1,27737457
1545697121929,0.2710,440498,1,27737458
1545697121960,1.5045,440500,1,27737459
1545697121984,0.0258,440500,1,27737460
1545697122008,0.0050,440504,1,27737461
1545697122032,0.0050,440504,1,27737462
1545697122057,0.0050,440504,1,27737463
1545697122082,0.0050,440504,1,27737464
1545697122107,0.0050,440529,1,27737465
1545697123042,0.0005,440585,0,27737466
1545697123260,0.1170,440585,0,27737467
1545697123910,0.0010,440585,0,27737468
1545697124839,0.0080,440595,0,27737469
1545697124895,0.0020,440585,0,27737470
1545697125125,0.1000,440585,0,27737471
1545697125352,0.0010,440598,1,27737472
1545697125402,0.0010,440628,1,27737473
1545697125452,0.0080,440657,1,27737474
1545697127012,0.0080,440586,0,27737475
1545697127206,0.0020,440586,0,27737476
1545697127417,0.0120,440657,1,27737477
1545697127467,0.0050,440684,1,27737478
1545697127518,0.0050,440684,1,27737479
1545697127567,0.0750,440685,1,27737480
1545697127947,0.0050,440684,0,27737481
1545697128163,0.1100,440685,1,27737482
1545697128358,0.1000,440685,1,27737483
1545697128550,0.0200,440685,1,27737484
1545697128751,0.0100,440685,1,27737485
1545697128931,0.0100,440685,1,27737486
1545697129142,0.0060,440685,1,27737487
1545697129323,0.5180,440685,1,27737488
1545697129927,0.0024,440684,0,27737489
1545697130041,0.0045,440684,0,27737490
1545697130161,0.0080,440695,0,27737491
1545697130185,0.0081,440684,0,27737492
1545697130283,0.1000,440684,1,27737493
1545697130394,0.0006,440684,1,27737494
1545697130419,0.0050,440709,1,27737495
1545697130444,0.0044,440710,1,27737496
1545697130825,0.0080,440700,1,27737497
1545697130852,0.1076,440710,1,27737498
1545697130879,0.0151,440746,1,27737499
1545697130904,0.4081,440752,1,27737500
1545697130930,0.0061,440755,1,27737501
1545697130953,0.0937,440809,1,27737502
1545697130977,0.0010,440811,1,27737503
1545697131001,0.0200,440903,1,27737504
1545697131026,0.1170,440978,1,27737505
1545697131050,1.5000,441000,1,27737506
1545697131075,0.0010,441017,1,27737507
1545697131099,0.0100,441038,1,27737508
1545697131123,0.1000,441059,1,27737509
1545697131147,0.0100,441098,1,27737510
1545697131874,0.0050,441140,0,27737511
1545697132145,0.0039,441140,0,27737512
1545697132357,0.0100,441195,1,27737513
1545697132562,0.0500,441195,1,27737514
1545697132619,0.0100,441314,1,27737515
1545697132681,0.0030,441340,1,27737516
1545697132746,0.0100,441408,1,27737517
1545697132805,0.0004,441532,1,27737518
1545697132858,0.0266,441560,1,27737519
1545697133802,0.0010,441141,0,27737520
1545697133911,0.0072,441141,0,27737521
1545697134016,0.0018,441141,0,27737522
1545697134041,0.0435,441140,0,27737523
1545697134826,0.0080,440762,0,27737524
1545697134877,0.0061,440752,0,27737525
1545697134927,0.0059,440752,0,27737526
1545697135118,0.0080,440756,0,27737527
1545697135168,0.0002,440752,0,27737528
1545697135220,0.0118,440735,0,27737529
1545697135818,0.0031,440763,0,27737530
1545697135847,0.0082,440735,0,27737531
1545697135875,0.0340,440686,0,27737532
1545697137827,0.0050,440752,0,27737533
1545697137878,0.0050,440715,0,27737534
1545697138087,0.0100,440715,0,27737535
1545697138290,0.0050,440715,0,27737536
1545697138517,0.0002,440867,1,27737537
1545697138923,0.0015,440715,0,27737538
1545697140766,0.0540,440714,0,27737539
1545697140791,0.0100,440687,0,27737540
1545697140815,0.0010,440682,0,27737541
1545697140839,0.0037,440635,0,27737542
1545697140863,0.0937,440598,0,27737543
1545697140887,0.0337,440580,0,27737544
1545697140912,0.2500,440501,0,27737545
1545697140954,0.0100,440500,0,27737546
1545697140978,0.0005,440365,0,27737547
1545697141004,0.3000,440347,0,27737548
1545697141029,0.0600,440064,0,27737549
1545697141053,0.0050,440015,0,27737550
1545697141077,0.0050,440015,0,27737551
1545697141102,0.0050,440015,0,27737552
1545697141126,0.0050,440015,0,27737553
1545697141149,0.0050,440015,0,27737554
1545697141173,0.0050,440015,0,27737555
1545697141198,0.0050,440015,0,27737556
1545697141222,0.0050,440015,0,27737557
1545697141246,0.0100,440014,0,27737558
1545697141270,0.0100,440001,0,27737559
1545697141295,0.0002,440000,0,27737560
1545697141323,0.0160,440000,0,27737561
1545697141350,0.0068,440000,0,27737562
1545697141372,0.0022,440000,0,27737563
1545697141397,0.1000,440000,0,27737564
1545697141422,0.8129,440000,0,27737565
1545697141607,0.0050,440645,1,27737566
1545697141774,0.0200,440587,0,27737567
1545697142861,0.0020,440645,1,27737568
1545697143121,0.0003,440645,1,27737569
1545697144769,0.0031,440732,1,27737570
1545697144823,0.0069,440733,1,27737571
1545697145891,0.0060,440733,1,27737572
1545697145944,0.0080,440841,1,27737573
1545697146111,0.0002,440911,1,27737574
1545697146166,0.0005,441071,1,27737575
1545697146220,0.0100,441100,1,27737576
1545697146287,0.0143,441137,1,27737577
1545697148796,0.0212,440768,0,27737578
1545697148905,0.0015,440716,0,27737579
1545697149847,0.0078,440716,0,27737580
1545697150831,0.0100,440923,1,27737581
1545697152792,0.0003,440819,1,27737582
1545697153856,0.0749,440736,0,27737583
1545697154071,0.0024,440746,0,27737584
1545697154252,0.0056,440746,0,27737585
1545697154303,0.0080,440740,0,27737586
1545697154356,0.1251,440736,0,27737587
1545697154560,0.0100,440733,1,27737588
1545697154827,0.0024,440716,0,27737589
1545697155814,0.0100,440716,0,27737590
1545697156011,0.0215,440716,0,27737591
1545697156236,0.2600,440733,1,27737592
1545697156783,0.0100,440716,0,27737593
1545697156904,0.0098,440716,0,27737594
1545697157034,0.1310,440716,0,27737595
1545697157059,0.0050,440716,0,27737596
1545697157083,0.0080,440716,0,27737597
1545697157847,0.0010,440700,0,27737598
1545697159791,0.0698,440645,0,27737599
1545697161983,0.0487,440645,0,27737600
1545697162034,0.0050,440645,0,27737601
1545697162087,0.0050,440645,0,27737602
1545697162769,0.0080,440593,0,27737603
1545697163783,0.0065,440593,0,27737604
1545697164924,0.0010,440504,0,27737605
1545697166787,0.0005,440594,0,27737606
1545697167840,0.0003,440594,0,27737607
1545697169887,0.0862,440594,0,27737608
1545697169948,0.0050,440594,0,27737609
1545697170763,0.0005,440485,0,27737610
1545697170787,0.0010,440285,0,27737611
1545697170810,0.0010,440265,0,27737612
1545697170843,0.0200,440188,0,27737613
1545697170889,0.0600,440095,0,27737614
1545697171112,0.0087,440070,0,27737615
1545697171337,0.0050,440635,1,27737616
1545697171378,0.0050,440643,1,27737617
1545697171826,0.0160,440575,0,27737618
1545697172854,0.2500,440575,0,27737619
1545697173073,0.0293,440575,0,27737620
1545697173909,0.0200,440575,0,27737621
1545697174145,0.1647,440575,0,27737622
1545697174195,0.0883,440210,0,27737623
1545697174414,0.0350,440210,0,27737624
1545697175772,0.0080,440214,0,27737625
1545697175798,0.0020,440214,0,27737626
1545697175911,0.0060,440214,0,27737627
1545697175937,0.0040,440210,0,27737628
1545697177872,0.0031,440211,0,27737629
1545697177923,0.1727,440210,0,27737630
1545697177974,0.0050,440210,0,27737631
1545697178037,0.0050,440210,0,27737632
1545697178089,0.0010,440130,0,27737633
1545697178142,0.0664,440105,0,27737634
1545697178405,0.0200,440105,0,27737635
1545697178600,0.0074,440105,0,27737636
1545697178650,0.0013,440070,0,27737637
1545697178699,0.0913,440069,0,27737638
1545697178897,0.0100,440069,0,27737639
1545697179120,0.3075,440069,0,27737640
1545697179170,0.0600,440053,0,27737641
1545697179222,0.0050,440015,0,27737642
1545697179273,0.0050,440015,0,27737643
1545697179322,0.0050,440015,0,27737644
1545697179373,0.0050,440015,0,27737645
1545697179424,0.0050,440015,0,27737646
1545697179474,0.0100,440001,0,27737647
1545697179525,0.1871,440000,0,27737648
1545697179576,0.1013,440000,0,27737649
1545697179628,0.0001,440000,0,27737650
1545697179677,0.1090,440000,0,27737651
1545697180788,0.0100,440000,0,27737652
1545697181006,0.0810,440000,0,27737653
1545697181058,0.4190,440000,0,27737654
1545697181252,0.0053,440000,0,27737655
1545697181306,0.2000,440000,0,27737656
1545697181358,0.0130,440000,0,27737657
1545697181409,0.0351,440000,0,27737658
1545697181612,0.5180,440000,0,27737659
1545697181799,0.0061,440000,0,27737660
1545697182174,0.0022,440035,1,27737661
1545697182224,0.0002,440109,1,27737662
1545697182276,0.0212,440133,1,27737663
1545697182326,0.0014,440140,1,27737664
1545697182377,0.0080,440214,1,27737665
1545697182430,0.0080,440214,1,27737666
1545697182493,0.0080,440443,1,27737667
1545697182546,0.0560,440453,1,27737668
1545697182770,0.0002,440109,0,27737669
1545697182824,0.0080,440010,0,27737670
1545697182874,0.0018,440000,0,27737671
1545697183044,0.1000,440000,0,27737672
1545697183256,0.0060,440000,0,27737673
1545697183459,0.0061,440000,0,27737674
1545697184747,0.0080,440010,0,27737675
1545697184800,0.0080,440010,0,27737676
1545697184852,0.2374,440000,0,27737677
1545697185040,0.0100,440000,0,27737678
1545697185223,0.0100,440000,0,27737679
1545697185416,0.0200,440000,0,27737680
1545697185608,0.0008,440000,0,27737681
1545697185815,0.6154,440000,0,27737682
1545697185866,0.2273,440000,0,27737683
1545697185929,0.0400,440000,0,27737684
1545697186892,0.0050,439936,0,27737685
1545697186944,0.0050,439936,0,27737686
1545697186995,0.0050,439936,0,27737687
1545697187045,0.0010,439770,0,27737688
1545697187102,0.0100,439668,0,27737689
1545697187153,0.0081,439622,0,27737690
1545697187203,0.0043,439613,0,27737691
1545697187255,0.0004,439610,0,27737692
1545697187322,0.0232,439610,0,27737693
1545697187522,0.0010,439794,0,27737694
1545697187572,0.0905,439610,0,27737695
1545697187623,0.0006,439608,0,27737696
1545697187673,0.0200,439595,0,27737697
1545697187732,0.0100,439559,0,27737698
1545697187796,0.0014,439528,0,27737699
1545697187875,0.0003,439528,0,27737700
1545697187939,0.0005,439514,0,27737701
1545697187996,0.1292,439500,0,27737702
1545697188202,0.0100,439698,0,27737703
1545697188397,0.0100,439698,0,27737704
1545697188596,0.0045,439866,1,27737705
1545697188647,0.0031,439969,1,27737706
1545697188698,0.0718,439969,1,27737707
1545697189948,0.0080,439504,0,27737708
1545697189986,0.0080,439504,0,27737709
1545697190019,0.0080,439500,0,27737710
1545697191706,0.0008,439500,0,27737711
1545697192800,0.0100,439500,0,27737712
1545697194711,0.0100,439500,0,27737713
1545697194885,0.0420,439500,0,27737714
1545697194924,0.0100,439500,0,27737715
1545697194963,0.0050,439427,0,27737716
1545697194990,0.0040,439427,0,27737717
1545697195123,0.0080,439775,1,27737718
1545697195149,0.0020,439775,1,27737719
1545697195710,0.0031,439501,0,27737720
1545697195738,0.0010,439427,0,27737721
1545697195768,0.0050,439427,0,27737722
1545697195794,0.0050,439427,0,27737723
1545697195823,0.0059,439410,0,27737724
1545697195996,0.0141,439410,0,27737725
1545697196022,0.0979,439324,0,27737726
1545697197718,0.0008,439357,1,27737727
1545697198768,0.0573,439357,0,27737728
1545697199866,0.0004,439357,0,27737729
1545697201771,0.0001,439357,0,27737730
1545697201851,0.0012,439322,0,27737731
1545697201902,0.0030,439185,0,27737732
1545697201953,0.0157,439115,0,27737733
1545697202770,0.0043,439115,0,27737734
1545697202832,0.0200,439095,0,27737735
1545697202887,0.0034,439060,0,27737736
1545697203161,0.0060,439060,0,27737737
1545697203755,0.0006,439060,0,27737738
1545697203808,0.0003,439003,0,27737739
1545697203859,0.0001,439000,0,27737740
1545697206792,0.0008,439166,1,27737741
1545697207724,0.0002,439236,0,27737742
1545697207761,0.0226,439000,0,27737743
1545697207845,0.0002,439000,0,27737744
1545697207870,0.0005,439000,0,27737745
1545697207894,0.1000,439000,0,27737746
1545697207919,0.0298,439000,0,27737747
1545697208038,0.0002,439000,0,27737748
1545697208162,0.0100,438990,1,27737749
1545697208771,0.0100,438962,0,27737750
1545697208998,0.0070,438962,0,27737751
1545697209050,0.0395,438959,0,27737752
1545697209253,0.0586,438990,1,27737753
1545697209872,0.0005,438959,0,27737754
1545697209923,0.0195,438959,0,27737755
1545697210104,0.0154,438959,0,27737756
1545697210153,0.0111,438909,0,27737757
1545697211768,0.0354,438870,0,27737758
1545697211914,0.0785,438870,0,27737759
1545697211938,0.0200,438839,0,27737760
1545697211963,0.0015,438748,0,27737761
1545697212068,0.0236,438748,0,27737762
1545697212177,0.0053,438748,0,27737763
1545697212205,0.0080,438738,0,27737764
1545697212230,0.0100,438738,0,27737765
1545697212258,0.0767,438700,0,27737766
1545697212470,0.0586,438870,1,27737767
1545697212777,0.0100,438700,0,27737768
1545697213006,0.0100,438700,0,27737769
1545697213768,0.1000,438700,0,27737770
1545697213968,0.0033,438700,0,27737771
1545697214020,0.0067,438597,0,27737772
1545697214195,0.0013,438597,0,27737773
1545697214247,0.0187,438596,0,27737774
1545697214421,0.0013,438596,0,27737775
1545697214474,0.0010,438562,0,27737776
1545697214524,0.0940,438509,0,27737777
1545697214575,0.1579,438504,0,27737778
1545697214774,0.0921,438504,0,27737779
1545697214838,0.7079,438503,0,27737780
1545697215225,0.0061,438504,1,27737781
1545697215277,0.0594,438697,1,27737782
1545697215465,0.0004,438526,1,27737783
1545697215514,0.0066,438697,1,27737784
1545697215850,0.0200,438503,0,27737785
1545697216042,0.0080,438507,0,27737786
1545697216091,0.0220,438503,0,27737787
1545697216263,0.0160,438503,0,27737788
1545697216447,0.1000,438503,0,27737789
1545697216620,0.0060,438503,0,27737790
1545697216830,0.0100,438503,0,27737791
1545697217029,0.0100,438503,0,27737792
1545697217248,0.0200,438503,0,27737793
1545697217430,1.0881,438503,0,27737794
1545697217481,1.0000,438500,0,27737795
1545697217533,0.0070,438404,0,27737796
1545697217583,0.1094,438310,0,27737797
1545697217634,0.0228,438300,0,27737798
1545697217686,0.0030,438264,0,27737799
1545697217737,0.0304,438105,0,27737800
1545697218761,0.0100,438029,0,27737801
1545697219032,0.1000,438029,0,27737802
1545697219220,0.0500,438029,0,27737803
1545697219441,0.0100,438029,0,27737804
1545697219657,0.2543,438029,0,27737805
1545697219941,0.1000,438029,0,27737806
1545697220132,0.0008,438029,0,27737807
1545697220201,0.0020,438010,0,27737808
1545697220263,0.0100,438000,0,27737809
1545697220327,0.0100,438000,0,27737810
1545697220384,0.0001,438000,0,27737811
1545697220437,0.4771,438000,0,27737812
1545697220659,0.0500,438000,0,27737813
1545697220900,0.0050,438000,0,27737814
1545697221125,0.0235,438000,0,27737815
1545697221339,0.4444,438000,0,27737816
1545697221390,0.0002,438000,0,27737817
1545697221443,0.1000,438000,0,27737818
1545697221495,0.1141,437994,0,27737819
1545697222234,0.0001,438000,1,27737820
1545697222512,0.0059,438000,1,27737821
1545697222562,0.0080,438020,1,27737822
1545697222613,0.0061,438020,1,27737823
1545697222799,0.0465,437912,1,27737824
1545697222857,0.0006,437940,1,27737825
1545697222913,0.0099,438020,1,27737826
1545697222968,0.0016,438026,1,27737827
1545697223172,0.0720,438026,1,27737828
1545697223398,0.0005,438026,1,27737829
1545697223737,0.0040,437644,0,27737830
1545697223875,0.0040,437644,0,27737831
1545697223898,0.0160,437640,0,27737832
1545697224018,0.0020,437640,0,27737833
1545697224124,0.0049,437640,0,27737834
1545697224150,0.0351,437547,0,27737835
1545697224257,0.0100,437547,0,27737836
1545697224360,0.0080,437557,0,27737837
1545697224385,0.0149,437547,0,27737838
1545697224410,0.0500,437491,0,27737839
1545697224438,0.1271,437153,0,27737840
1545697224543,0.1729,437153,0,27737841
1545697224567,0.0816,437122,0,27737842
1545697224667,0.0327,437122,0,27737843
1545697224694,0.0433,437117,0,27737844
1545697224866,0.0200,437117,0,27737845
1545697225023,0.1000,437117,0,27737846
1545697225146,0.0100,437117,0,27737847
1545697225251,0.0500,437117,0,27737848
1545697225354,0.1290,437117,0,27737849
1545697225462,0.0500,437154,0,27737850
1545697225566,0.1000,437154,0,27737851
1545697225590,0.5645,437117,0,27737852
1545697226300,0.0177,437485,1,27737853
1545697226720,0.0500,437118,0,27737854
1545697226747,0.0047,437024,0,27737855
1545697226791,0.0253,437000,0,27737856
1545697226930,0.0043,437000,0,27737857
1545697227036,0.0004,437000,0,27737858
1545697227067,0.0696,437000,0,27737859
1545697227175,0.0669,437000,0,27737860
1545697227311,0.0200,437000,0,27737861
1545697227417,0.1000,437000,0,27737862
1545697227523,0.2148,437000,0,27737863
1545697227548,0.0002,437000,0,27737864
1545697228903,0.0152,436774,0,27737865
1545697228958,0.0048,436685,0,27737866
1545697229177,0.0300,436940,1,27737867
1545697229386,0.0080,436940,1,27737868
1545697229562,0.0080,436930,1,27737869
1545697229611,0.1436,436940,1,27737870
1545697230773,0.1000,436685,0,27737871
1545697231015,0.0101,436938,1,27737872
1545697231268,0.0101,436938,1,27737873
1545697231477,0.0495,436905,1,27737874
1545697231758,0.1000,436685,0,27737875
1545697232013,0.0500,436710,0,27737876
1545697232195,0.0059,436710,0,27737877
1545697232770,0.0400,436710,0,27737878
1545697233012,0.0041,436710,0,27737879
1545697233062,0.0080,436695,0,27737880
1545697233112,0.0778,436685,0,27737881
1545697233317,0.5174,436685,0,27737882
1545697233372,0.3710,436604,0,27737883
1545697233620,0.0107,436544,1,27737884
1545697233807,0.0080,436544,1,27737885
1545697234786,0.0100,436506,0,27737886
1545697234842,0.0900,436500,0,27737887
1545697235032,0.0100,436500,0,27737888
1545697235218,0.0100,436283,0,27737889
1545697235410,0.0100,436283,0,27737890
1545697235607,0.0007,436236,0,27737891
1545697235656,0.0011,436233,0,27737892
1545697235708,0.0600,436043,0,27737893
1545697235771,0.0100,436010,0,27737894
1545697235824,0.0761,436010,0,27737895
1545697235874,0.0871,436000,0,27737896
1545697236076,0.2552,436000,0,27737897
1545697236287,0.0100,436000,0,27737898
1545697236479,0.0500,436000,0,27737899
1545697236660,0.5977,436000,0,27737900
1545697236713,0.0160,436000,0,27737901
1545697236766,0.2294,436000,0,27737902
1545697236830,0.0002,436000,0,27737903
1545697236879,0.0351,436000,0,27737904
1545697236932,0.2070,435787,0,27737905
1545697236983,0.0100,435785,0,27737906
1545697237034,0.0100,435755,0,27737907
1545697237872,0.0100,435715,1,27737908
1545697238120,0.0020,435715,1,27737909
1545697238296,0.0009,435715,1,27737910
1545697238473,0.0061,435715,1,27737911
1545697238665,0.0480,435715,1,27737912
1545697240121,0.0001,435614,0,27737913
1545697240172,0.0500,435500,0,27737914
1545697240226,0.0529,435500,0,27737915
1545697240433,0.0471,435500,0,27737916
1545697240484,0.0071,435496,0,27737917
1545697240534,0.0458,435387,0,27737918
1545697240709,0.0690,435387,0,27737919
1545697240761,0.0001,435270,0,27737920
1545697240812,0.0142,435200,0,27737921
1545697241005,0.0100,435200,0,27737922
1545697241228,0.5659,435200,0,27737923
1545697241277,0.0076,435194,0,27737924
1545697241329,0.0029,435107,0,27737925
1545697241379,0.0011,435103,0,27737926
1545697241429,0.0064,435093,0,27737927
1545697241480,0.0008,435083,0,27737928
1545697241530,0.0044,435045,0,27737929
1545697241584,0.0004,435042,0,27737930
1545697241633,0.0012,435041,0,27737931
1545697241694,0.0005,435029,0,27737932
1545697241744,0.1000,435005,0,27737933
1545697241793,0.0050,435001,0,27737934
1545697241843,0.0046,435000,0,27737935
1545697241893,0.0172,435000,0,27737936
1545697242140,0.0100,435501,0,27737937
1545697242190,0.0300,435000,0,27737938
1545697242363,0.0677,435000,0,27737939
1545697242415,0.0323,435000,0,27737940
1545697242612,0.0100,435000,0,27737941
1545697242786,0.0147,435000,0,27737942
1545697242836,0.0353,435000,0,27737943
1545697243015,0.0647,435000,0,27737944
1545697243067,0.0353,435000,0,27737945
1545697243283,0.0043,435000,0,27737946
1545697243477,0.0107,435000,0,27737947
1545697243532,0.0093,435000,0,27737948
1545697243741,0.4907,435000,0,27737949
1545697243793,0.0068,435000,0,27737950
1545697243843,0.0001,435000,0,27737951
1545697243893,0.2000,435000,0,27737952
1545697243943,0.1840,435000,0,27737953
1545697244017,0.0002,435000,0,27737954
1545697244074,0.0001,434966,0,27737955
1545697244134,0.0011,434965,0,27737956
1545697244199,0.0003,434965,0,27737957
1545697244253,0.0014,434961,0,27737958
1545697244304,0.0003,434961,0,27737959
1545697244357,0.0001,434959,0,27737960
1545697244418,0.0207,434957,0,27737961
1545697244469,0.0005,434947,0,27737962
1545697244525,0.0009,434897,0,27737963
1545697244575,0.0006,434877,0,27737964
1545697244626,0.0003,434871,0,27737965
1545697244675,0.0036,434871,0,27737966
1545697244725,0.0007,434867,0,27737967
1545697244776,0.0004,434860,0,27737968
1545697244827,0.0003,434858,0,27737969
1545697244877,0.0003,434857,0,27737970
1545697245546,0.0003,434847,1,27737971
1545697245743,0.0077,434847,1,27737972
1545697245793,0.1500,434856,1,27737973
1545697245844,0.0423,434857,1,27737974
1545697246034,0.0509,434857,1,27737975
1545697246232,0.0113,434847,1,27737976
1545697246282,0.1887,434857,1,27737977
1545697246480,0.0100,434857,1,27737978
1545697246685,0.7500,434857,1,27737979
1545697246854,0.0160,434847,1,27737980
1545697246905,0.1040,434857,1,27737981
1545697247121,0.0100,434857,1,27737982
1545697247297,0.0027,434857,1,27737983
1545697247510,0.0620,434856,1,27737984
1545697247560,0.0180,434856,1,27737985
1545697247742,0.0200,434856,1,27737986
1545697247932,0.1390,434856,1,27737987
1545697248122,0.0230,434856,1,27737988
1545697248172,0.0612,434857,1,27737989
1545697248352,0.0031,434856,1,27737990
1545697248403,0.9969,434857,1,27737991
1545697248902,0.0002,434843,0,27737992
1545697248953,0.0017,434837,0,27737993
1545697249003,0.0002,434837,0,27737994
1545697249054,0.0002,434833,0,27737995
1545697249105,0.0005,434818,0,27737996
1545697249157,0.0002,434803,0,27737997
1545697249206,0.0005,434794,0,27737998
1545697249256,0.0002,434764,0,27737999
1545697249306,0.0013,434757,0,27738000
1545697249356,0.0200,434706,0,27738001
1545697249407,0.0204,434703,0,27738002
1545697249618,0.0100,434703,0,27738003
1545697249811,0.0400,434703,0,27738004
1545697250040,0.1000,434703,0,27738005
1545697250217,0.2000,434703,0,27738006
1545697250409,0.0100,434703,0,27738007
1545697250624,0.0080,434703,0,27738008
1545697250810,0.4116,434703,0,27738009
1545697250862,0.0100,434600,0,27738010
1545697250913,0.1302,434550,0,27738011
1545697250975,0.0050,434531,0,27738012
1545697251033,0.0050,434531,0,27738013
1545697251086,0.0050,434531,0,27738014
1545697251151,0.0050,434531,0,27738015
1545697251214,0.0050,434531,0,27738016
1545697251275,0.0050,434531,0,27738017
1545697251336,0.0050,434531,0,27738018
1545697251386,0.0050,434531,0,27738019
1545697251445,0.0050,434531,0,27738020
1545697251497,0.1150,434525,0,27738021
1545697251546,0.7500,434510,0,27738022
1545697251597,0.0006,434506,0,27738023
1545697251647,0.0020,434500,0,27738024
1545697251696,0.5056,434305,0,27738025
1545697252629,0.0700,434482,1,27738026
1545697252831,0.0004,434482,1,27738027
1545697253009,0.0080,434482,1,27738028
1545697253853,0.0080,434315,0,27738029
1545697254008,0.0020,434305,0,27738030
1545697254164,0.0100,434305,0,27738031
1545697254282,0.0100,434305,0,27738032
1545697254406,0.0826,434305,0,27738033
1545697254563,0.1898,434305,0,27738034
1545697254591,0.0100,434257,0,27738035
1545697254619,0.3115,434225,0,27738036
1545697254646,0.0230,434063,0,27738037
1545697254675,0.3781,434042,0,27738038
1545697254787,0.1219,434042,0,27738039
1545697254811,0.0002,434000,0,27738040
1545697254836,0.1000,434000,0,27738041
1545697255180,0.0101,433880,1,27738042
1545697255315,0.5000,433880,1,27738043
1545697255434,0.0200,433880,1,27738044
1545697255841,0.0007,433644,0,27738045
1545697255865,0.0093,433000,0,27738046
1545697255999,0.1000,433000,0,27738047
1545697256215,0.0200,433000,0,27738048
1545697256472,0.0200,433682,1,27738049
1545697256600,0.0800,433880,1,27738050
1545697256852,0.0310,433609,0,27738051
1545697256878,0.0031,433001,0,27738052
1545697256905,0.0059,433000,0,27738053
1545697257064,0.2000,433856,1,27738054
1545697257093,0.0500,433880,1,27738055
1545697258904,0.0044,433715,0,27738056
1545697258960,0.0056,433092,0,27738057
1545697259225,0.0014,433098,0,27738058
1545697259421,0.0101,433115,1,27738059
1545697259613,0.0100,433115,1,27738060
1545697260882,0.0020,433098,0,27738061
1545697261004,0.0500,433115,1,27738062
1545697261145,0.0125,433115,1,27738063
1545697261186,0.0185,433780,1,27738064
1545697261302,0.0201,433780,1,27738065
1545697261409,0.0540,433779,1,27738066
1545697261433,0.1614,433780,1,27738067
1545697261459,0.0100,433847,1,27738068
1545697261485,0.0777,433878,1,27738069
1545697261509,0.0072,433879,1,27738070
1545697262872,0.0100,433166,0,27738071
1545697263032,0.0900,433166,0,27738072
1545697263071,0.0080,433119,0,27738073
1545697263203,0.2581,433118,1,27738074
1545697263334,0.4362,433118,1,27738075
1545697263876,0.0100,433124,0,27738076
1545697264032,0.0100,433196,0,27738077
1545697264187,0.0100,433196,0,27738078
1545697264312,0.0007,433791,1,27738079
1545697265846,0.0100,433255,0,27738080
1545697265958,0.0900,433255,0,27738081
1545697265983,0.0366,433255,0,27738082
1545697266012,0.1434,433196,0,27738083
1545697266040,0.1089,433124,0,27738084
1545697266144,0.0500,433124,0,27738085
1545697266248,0.0100,433767,1,27738086
1545697266911,0.0100,433124,0,27738087
1545697267025,0.0100,433124,0,27738088
1545697267137,0.1749,433124,0,27738089
1545697267161,0.0300,433115,0,27738090
1545697267264,0.1000,433070,1,27738091
1545697267365,0.1000,433070,1,27738092
1545697267496,0.0010,433070,1,27738093
1545697267901,0.1000,433000,0,27738094
1545697268117,0.0010,433000,0,27738095
1545697268964,0.0138,433000,0,27738096
1545697269015,0.0023,433000,0,27738097
1545697269067,0.0001,433000,0,27738098
1545697269117,0.0038,433000,0,27738099
1545697269300,0.0100,433000,0,27738100
1545697269521,0.0300,433000,0,27738101
1545697269737,0.0200,433051,1,27738102
1545697270029,0.0100,433059,1,27738103
1545697270902,0.0500,433000,0,27738104
1545697271167,0.0140,433000,0,27738105
1545697271217,0.0002,433000,0,27738106
1545697271268,0.0100,433000,0,27738107
1545697271319,0.0258,433000,0,27738108
1545697271545,0.0100,433059,1,27738109
1545697271611,0.0001,433059,1,27738110
1545697271800,0.0599,433059,1,27738111
1545697272889,0.0050,433060,0,27738112
1545697273132,0.0500,433060,0,27738113
1545697273381,0.0056,433092,1,27738114
1545697273443,0.0080,433119,1,27738115
1545697273494,0.0010,433362,1,27738116
1545697273545,0.0600,433498,1,27738117
1545697273600,0.0010,433523,1,27738118
1545697273650,0.0010,433540,1,27738119
1545697273701,0.0500,433767,1,27738120
1545697273752,0.0170,433791,1,27738121
1545697273803,0.0230,433880,1,27738122
1545697274009,0.0101,433880,1,27738123
1545697274215,0.0005,433880,1,27738124
1545697274906,0.0050,433142,0,27738125
1545697275865,0.0200,433142,0,27738126
1545697276045,0.0050,433142,0,27738127
1545697276184,0.0100,433142,0,27738128
1545697276299,0.0050,433142,0,27738129
1545697276446,0.0050,433142,0,27738130
1545697276737,0.0100,433141,0,27738131
1545697276933,0.0100,433141,0,27738132
1545697277932,0.0050,433152,0,27738133
1545697278204,0.0030,433152,0,27738134
1545697278261,0.0070,433141,0,27738135
1545697278482,0.0010,433468,1,27738136
1545697278902,0.0092,433791,0,27738137
1545697278955,0.0008,433141,0,27738138
1545697279168,0.0262,433141,0,27738139
1545697279220,0.0080,433070,0,27738140
1545697279270,0.0251,433060,0,27738141
1545697279322,0.0198,433000,0,27738142
1545697279372,0.0209,433000,0,27738143
1545697279422,0.2310,432900,0,27738144
1545697279486,0.0100,432844,0,27738145
1545697279536,0.0038,432343,0,27738146
1545697279586,0.0600,432212,0,27738147
1545697279636,0.2000,432201,0,27738148
1545697279690,0.0001,432000,0,27738149
1545697279740,0.0400,432000,0,27738150
1545697279791,0.0602,432000,0,27738151
1545697279939,0.1506,432000,0,27738152
1545697280055,0.0160,432000,0,27738153
1545697280106,0.0100,431961,0,27738154
1545697280489,0.0583,431920,1,27738155
1545697280859,0.0100,432902,0,27738156
1545697281015,0.0020,432902,0,27738157
1545697281836,0.0400,432902,0,27738158
1545697281962,0.0329,432902,0,27738159
1545697282080,0.0500,432001,0,27738160
1545697282197,0.0031,432001,0,27738161
1545697282849,0.0100,432213,0,27738162
1545697282877,0.0100,432003,0,27738163
1545697283004,0.0050,432003,0,27738164
1545697283122,0.0217,432003,0,27738165
1545697283229,0.0080,432013,0,27738166
1545697283252,0.0716,432003,0,27738167
1545697283838,0.1000,432003,0,27738168
1545697284852,0.0080,432013,0,27738169
1545697284888,0.0420,432003,0,27738170
1545697285045,0.0770,432003,0,27738171
1545697285244,0.0100,432003,0,27738172
1545697286905,0.0100,432005,0,27738173
1545697287143,0.1400,432005,0,27738174
1545697287194,0.2000,432004,0,27738175
1545697287245,0.1500,432004,0,27738176
1545697287296,0.4627,432003,0,27738177
1545697287504,0.0473,432000,1,27738178
1545697287555,0.0218,432000,1,27738179
1545697287836,0.1300,431920,0,27738180
1545697287940,0.0050,431920,0,27738181
1545697288853,0.2583,431920,0,27738182
1545697288970,0.1642,431920,0,27738183
1545697289003,0.0300,431920,0,27738184
1545697289029,0.3033,431920,0,27738185
1545697289060,0.0600,431731,0,27738186
1545697289084,0.0007,431703,0,27738187
1545697289114,0.7318,431661,0,27738188
1545697289247,0.0080,431930,0,27738189
1545697289359,0.0220,431920,1,27738190
1545697289382,0.0282,432000,1,27738191
1545697289406,0.1530,432000,1,27738192
1545697289430,0.0432,432004,1,27738193
1545697289454,0.0366,432548,1,27738194
1545697289478,0.0010,432625,1,27738195
1545697289502,0.0126,432815,1,27738196
1545697289529,0.2430,432871,1,27738197
1545697289556,1.0000,432999,1,27738198
1545697289585,0.0050,433068,1,27738199
1545697289612,0.0100,433141,1,27738200
1545697289905,0.1000,433200,0,27738201
1545697290076,0.0300,433200,0,27738202
1545697290216,0.0100,433200,0,27738203
1545697290352,0.0967,433200,0,27738204
1545697290378,0.0667,432041,0,27738205
1545697290875,0.0133,432041,0,27738206
1545697290900,0.0400,431910,0,27738207
1545697290924,0.0080,431671,0,27738208
1545697290949,0.0087,431661,0,27738209
1545697291069,0.0400,431661,0,27738210
1545697291175,0.0200,431661,0,27738211
1545697291380,0.0014,432000,1,27738212
1545697291405,0.0010,432222,1,27738213
1545697291432,0.0200,432317,1,27738214
1545697291456,0.0576,432502,1,27738215
1545697291896,0.0800,432027,0,27738216
1545697291924,0.1000,431662,0,27738217
1545697291950,0.0200,431661,0,27738218
1545697292105,0.0100,431661,0,27738219
1545697292226,0.1300,431661,0,27738220
1545697292350,0.0500,431661,0,27738221
1545697292461,0.0530,431661,0,27738222
1545697292583,0.2000,431694,0,27738223
1545697292607,0.7421,431661,0,27738224
1545697292632,0.0100,431655,0,27738225
1545697292655,0.0600,431597,0,27738226
1545697292934,0.0800,431541,1,27738227
1545697293836,0.0400,431172,0,27738228
1545697293962,0.0759,431172,0,27738229
1545697293988,0.0001,431087,0,27738230
1545697294014,0.0240,431044,0,27738231
1545697294169,0.0060,431044,0,27738232
1545697294196,0.0100,431001,0,27738233
1545697294221,0.0840,431000,0,27738234
1545697294327,0.0080,431182,0,27738235
1545697294352,0.0620,431000,0,27738236
1545697294459,0.0500,431000,0,27738237
1545697294588,0.1000,431000,0,27738238
1545697294723,0.0050,431000,0,27738239
1545697294851,0.0100,431000,0,27738240
1545697294968,0.0100,431000,0,27738241
1545697295125,0.0600,431000,0,27738242
1545697295262,0.1980,431541,1,27738243
1545697295365,0.0800,431541,1,27738244
1545697295468,0.0800,431541,1,27738245
1545697295596,0.0009,431270,1,27738246
1545697295622,0.0391,431541,1,27738247
1545697295897,0.0190,431000,0,27738248
1545697295950,0.0001,430748,0,27738249
1545697296000,0.0016,430672,0,27738250
1545697296051,0.0029,430586,0,27738251
1545697296103,0.0011,430582,0,27738252
1545697296152,0.0066,430572,0,27738253
1545697296201,0.0008,430562,0,27738254
1545697296252,0.0044,430524,0,27738255
1545697296304,0.0004,430521,0,27738256
1545697296353,0.0012,430520,0,27738257
1545697296404,0.0005,430509,0,27738258
1545697296459,0.0012,430446,0,27738259
1545697296513,0.0001,430446,0,27738260
1545697296568,0.0003,430445,0,27738261
1545697296618,0.0003,430441,0,27738262
1545697296669,0.0015,430441,0,27738263
1545697296719,0.0001,430440,0,27738264
1545697296770,0.0208,430438,0,27738265
1545697296821,0.0005,430428,0,27738266
1545697296871,0.0009,430378,0,27738267
1545697296922,0.0006,430358,0,27738268
1545697296975,0.0036,430352,0,27738269
1545697297034,0.0003,430352,0,27738270
1545697297084,0.0007,430348,0,27738271
1545697297135,0.0004,430341,0,27738272
1545697297184,0.0004,430339,0,27738273
1545697297235,0.0003,430338,0,27738274
1545697297285,0.0002,430325,0,27738275
1545697297336,0.0002,430319,0,27738276
1545697297386,0.0017,430319,0,27738277
1545697297439,0.0002,430315,0,27738278
1545697297492,0.0271,430313,0,27738279
1545697297766,0.0890,430313,0,27738280
1545697297823,0.0005,430301,0,27738281
1545697297875,0.0002,430285,0,27738282
1545697297926,0.0005,430276,0,27738283
1545697297976,0.0098,430254,0,27738284
1545697298215,0.0200,430254,0,27738285
1545697298431,0.0041,430254,0,27738286
1545697298624,0.0010,430254,0,27738287
1545697298678,0.0002,430247,0,27738288
1545697298733,0.0013,430240,0,27738289
1545697298790,0.0975,430150,0,27738290
1545697298995,0.0100,430150,0,27738291
1545697299362,0.0100,430569,1,27738292
1545697299571,0.0002,430930,1,27738293
1545697299621,0.0178,431139,1,27738294
1545697299945,0.0009,430184,1,27738295
1545697300854,0.0100,430150,0,27738296
1545697301069,0.0225,430150,0,27738297
1545697301118,0.0175,430145,0,27738298
1545697301309,0.0400,430145,0,27738299
1545697301513,0.0060,430145,0,27738300
1545697301692,0.0500,430145,0,27738301
1545697301879,0.0500,430145,0,27738302
1545697302107,0.0640,430145,0,27738303
1545697302331,0.0006,430184,1,27738304
1545697302884,0.0100,430228,0,27738305
1545697303093,0.0467,430228,0,27738306
1545697303327,0.0340,430228,0,27738307
1545697303538,0.0700,430228,0,27738308
1545697303727,0.0387,430228,0,27738309
1545697303778,0.0613,430146,0,27738310
1545697304016,0.0217,430146,0,27738311
1545697304879,0.1000,430146,0,27738312
1545697305111,0.0170,430146,0,27738313
1545697305165,0.0830,430145,0,27738314
1545697305390,0.0400,430145,0,27738315
1545697305592,0.0100,430145,0,27738316
1545697305804,0.1000,430145,0,27738317
1545697306068,0.0100,430145,0,27738318
1545697306244,0.0400,430145,0,27738319
1545697306481,6.0436,430145,0,27738320
1545697306867,0.2000,430145,0,27738321
1545697307087,0.0070,430145,0,27738322
1545697307315,0.5031,430145,0,27738323
1545697307536,0.0500,430145,0,27738324
1545697307751,0.0010,430401,1,27738325
1545697307814,0.0059,430579,1,27738326
1545697308880,0.2000,430170,0,27738327
1545697308945,0.0080,430155,0,27738328
1545697309003,0.1210,430145,0,27738329
1545697309068,0.0030,430050,0,27738330
1545697309131,0.0050,430020,0,27738331
1545697309191,0.0050,430020,0,27738332
1545697309246,0.0050,430020,0,27738333
1545697309296,0.0050,430020,0,27738334
1545697309346,0.0050,430020,0,27738335
1545697309397,0.0050,430020,0,27738336
1545697309447,0.0050,430020,0,27738337
1545697309498,0.0050,430020,0,27738338
1545697309549,0.0050,430020,0,27738339
1545697309599,0.0050,430020,0,27738340
1545697309649,0.1180,430002,0,27738341
1545697309870,0.0910,430002,0,27738342
1545697310004,0.0100,430001,0,27738343
1545697310057,0.0990,430000,0,27738344
1545697310270,0.1000,430000,0,27738345
1545697310493,0.0100,430000,0,27738346
1545697310965,0.0005,430002,1,27738347
1545697311867,0.0400,430000,0,27738348
1545697312072,0.0200,430000,0,27738349
1545697312271,0.0310,430000,0,27738350
1545697312321,0.0001,430000,0,27738351
1545697312372,0.1689,430000,0,27738352
1545697312565,0.5000,430000,0,27738353
1545697312754,0.0400,430000,0,27738354
1545697312953,0.2000,430000,0,27738355
1545697313155,0.0911,430000,0,27738356
1545697313203,0.0024,430000,0,27738357
1545697313253,0.0024,430000,0,27738358
1545697313306,0.0023,430000,0,27738359
1545697313356,0.0650,430000,0,27738360
1545697313406,0.1071,430000,0,27738361
1545697313456,0.0562,430000,0,27738362
1545697313509,0.0230,430000,0,27738363
1545697313559,0.6505,430000,0,27738364
1545697313754,0.0471,430000,0,27738365
1545697313815,0.0405,430000,0,27738366
1545697313870,0.0124,430000,0,27738367
1545697314103,0.0876,430000,0,27738368
1545697314169,0.0124,430000,0,27738369
1545697314385,0.0076,430000,0,27738370
1545697314436,0.0035,430000,0,27738371
1545697314486,0.0100,430000,0,27738372
1545697314535,0.0726,430000,0,27738373
1545697314585,0.0063,430000,0,27738374
1545697314769,0.0937,430000,0,27738375
1545697314821,0.0500,430000,0,27738376
1545697314874,0.0100,430000,0,27738377
1545697314926,0.2000,430000,0,27738378
1545697314977,0.0334,430000,0,27738379
1545697315027,0.1000,430000,0,27738380
1545697315077,0.0100,430000,0,27738381
1545697315127,0.0080,430000,0,27738382
1545697315177,0.0006,429990,0,27738383
1545697315227,0.0070,429500,0,27738384
1545697315276,0.0200,429500,0,27738385
1545697315350,0.0001,429500,0,27738386
1545697315401,0.0012,429370,0,27738387
1545697315451,0.0046,429000,0,27738388
1545697315502,0.0331,429000,0,27738389
1545697315552,0.0100,428995,0,27738390
1545697315909,0.0189,429570,1,27738391
1545697316111,0.0069,429570,1,27738392
1545697316296,0.0062,429570,1,27738393
1545697316347,0.1490,430000,1,27738394
1545697316397,0.3302,430001,1,27738395
1545697316449,0.8116,430001,1,27738396
1545697316648,0.0010,429617,1,27738397
1545697316708,0.0120,430001,1,27738398
1545697317884,0.0100,428900,0,27738399
1545697318023,0.0300,428628,0,27738400
1545697318048,0.0700,428606,0,27738401
1545697318154,0.0466,428606,0,27738402
1545697318180,0.0034,428600,0,27738403
1545697318286,0.0800,428600,0,27738404
1545697318430,0.0066,428600,0,27738405
1545697318458,0.0334,428428,0,27738406
1545697318601,0.0200,428428,0,27738407
1545697318715,0.0100,428428,0,27738408
1545697318825,0.1137,428428,0,27738409
1545697319616,0.0069,428625,1,27738410
1545697319734,0.0411,428625,1,27738411
1545697319840,0.0300,428625,1,27738412
1545697320798,0.0080,428438,0,27738413
1545697320832,0.0842,428428,0,27738414
1545697320978,0.0100,428428,0,27738415
1545697321908,0.0200,428428,0,27738416
1545697322136,0.0351,428428,0,27738417
1545697322356,0.0069,428605,1,27738418
1545697322601,0.0100,428605,1,27738419
1545697322870,0.0465,428428,0,27738420
1545697323805,0.0200,428428,0,27738421
1545697323934,0.0200,428428,0,27738422
1545697324042,0.0540,428428,0,27738423
1545697324067,0.0060,428333,0,27738424
1545697324168,0.0500,428333,0,27738425
1545697324892,0.0440,428333,0,27738426
1545697324946,0.0360,428223,0,27738427
1545697325165,0.0200,428223,0,27738428
1545697325381,0.0030,428223,0,27738429
1545697325564,0.0010,428223,0,27738430
1545697325614,0.0100,428010,0,27738431
1545697325665,0.0090,428000,0,27738432
1545697325875,0.0100,428180,1,27738433
1545697326091,0.0009,428180,1,27738434
1545697326851,0.0080,428010,0,27738435
1545697326900,0.0020,428000,0,27738436
1545697327101,0.0200,428000,0,27738437
1545697327308,0.0003,428153,1,27738438
1545697327359,0.0169,428180,1,27738439
1545697327546,0.0031,428180,1,27738440
1545697327720,0.0070,428180,1,27738441
1545697327926,0.0500,428163,1,27738442
1545697328130,0.0440,428163,1,27738443
1545697328318,0.0060,428163,1,27738444
1545697328370,0.0821,428180,1,27738445
1545697328421,0.0290,428342,1,27738446
1545697328473,0.0010,428496,1,27738447
1545697328523,0.0100,428608,1,27738448
1545697328574,0.0009,428676,1,27738449
1545697328624,0.0200,428736,1,27738450
1545697328674,0.0010,428924,1,27738451
1545697329979,0.0160,428224,0,27738452
1545697330035,0.2000,428018,0,27738453
1545697330087,0.0736,428000,0,27738454
1545697330139,0.0023,428000,0,27738455
1545697330190,0.1000,428000,0,27738456
1545697330241,0.0160,428000,0,27738457
1545697330292,0.0996,428000,0,27738458
1545697330347,0.1000,428000,0,27738459
1545697330398,0.0300,427688,0,27738460
1545697330449,0.0572,427605,0,27738461
1545697330605,0.6013,428001,0,27738462
1545697330779,0.2000,428001,0,27738463
1545697331028,0.0100,428695,1,27738464
1545697331855,0.0002,428001,0,27738465
1545697332086,0.0310,428146,1,27738466
1545697332264,0.0160,428146,1,27738467
1545697332803,0.0100,428070,0,27738468
1545697334804,0.0900,428070,0,27738469
1545697334932,0.0002,428070,0,27738470
1545697335052,0.0100,428146,1,27738471
1545697335843,0.0100,428237,0,27738472
1545697335975,0.1500,428237,0,27738473
1545697336086,0.0070,428574,1,27738474
1545697336829,0.0030,428574,1,27738475
1545697336855,0.0010,428902,1,27738476
1545697336884,0.0160,429140,1,27738477
1545697336999,0.0045,429140,1,27738478
1545697337813,0.0100,428270,0,27738479
1545697337970,0.0159,428333,1,27738480
1545697338794,0.0070,428333,1,27738481
1545697338952,0.8000,428333,1,27738482
1545697339815,0.0080,428280,0,27738483
1545697339982,0.1169,427556,0,27738484
1545697340011,0.0071,427521,0,27738485
1545697342898,0.0008,428301,1,27738486
1545697342947,0.1771,428333,1,27738487
1545697346877,0.0010,428632,1,27738488
1545697346938,0.0010,428715,1,27738489
1545697346996,0.0005,429060,1,27738490
1545697347862,0.0095,429060,1,27738491
